@article{INFFUS18-AutoencoderTutorial,
  title={A practical tutorial on autoencoders for nonlinear feature fusion: Taxonomy, models, software and guidelines},
  author={Charte, David and Charte, Francisco and García, Salvador and del Jesus, María José and Herrera, Francisco},
  journal={Information Fusion},
  volume={44},
  pages={78--96},
  year={2018},
  publisher={Elsevier},
  doi={10.1016/j.inffus.2017.12.007}
}
@book{deisenroth2020mathematics,
  title={Mathematics for machine learning},
  author={Deisenroth, Marc Peter and Faisal, A Aldo and Ong, Cheng Soon},
  year={2020},
  publisher={Cambridge University Press}
}
@inproceedings{kingma2014semi,
  title={Semi-supervised learning with deep generative models},
  author={Kingma, Diederik P and Mohamed, Shakir and Rezende, Danilo Jimenez and Welling, Max},
  booktitle={Advances in neural information processing systems},
  pages={3581--3589},
  year={2014}
}
@book{goodfellow2016deep,
  title={Deep learning},
  author={Goodfellow, Ian and Bengio, Yoshua and Courville, Aaron},
  year={2016},
  publisher={MIT press}
}
@article{fang2015sentiment,
  title={Sentiment analysis using product review data},
  author={Fang, Xing and Zhan, Justin},
  journal={Journal of Big Data},
  volume={2},
  number={1},
  pages={1--14},
  year={2015},
  publisher={Springer}
}
@article{balaji2021machine,
  title={Machine learning algorithms for social media analysis: A survey},
  author={Balaji, TK and Annavarapu, Chandra Sekhara Rao and Bablani, Annushree},
  journal={Computer Science Review},
  volume={40},
  number={100395},
  pages={1-32},
  year={2021},
  publisher={Elsevier}
}
@article{erickson2017machine,
  title={Machine learning for medical imaging},
  author={Erickson, Bradley J and Korfiatis, Panagiotis and Akkus, Zeynettin and Kline, Timothy L},
  journal={Radiographics},
  volume={37},
  number={2},
  pages={505--515},
  year={2017},
  publisher={Radiological Society of North America}
}
@article{carvalho2019systematic,
  title={A systematic literature review of machine learning methods applied to predictive maintenance},
  author={Carvalho, Thyago P and Soares, Fabr{\'\i}zzio AAMN and Vita, Roberto and Francisco, Roberto da P and Basto, Jo{\~a}o P and Alcal{\'a}, Symone GS},
  journal={Computers \& Industrial Engineering},
  volume={137},
number = {106024},
pages = {1--10},
doi = {10.1016/j.cie.2019.106024},
  year={2019},
  publisher={Elsevier}
}
@article{ma2020machine,
  title={Machine learning and AI in marketing--Connecting computing power to human insights},
  author={Ma, Liye and Sun, Baohong},
  journal={International Journal of Research in Marketing},
  volume={37},
  number={3},
  pages={481--504},
  year={2020},
  publisher={Elsevier}
}
@article{wang2020deep,
  title={Deep learning for image super-resolution: A survey},
  author={Wang, Zhihao and Chen, Jian and Hoi, Steven CH},
  journal={IEEE transactions on pattern analysis and machine intelligence},
  volume={43},
  number={10},
  pages={3365--3387},
  year={2020},
  publisher={IEEE}
}
@book{wickham2016r,
  title={R for data science: import, tidy, transform, visualize, and model data},
  author={Wickham, Hadley and Grolemund, Garrett},
  year={2016},
  publisher={" O'Reilly Media, Inc."}
}
@book{garcia2015data,
  title={Data preprocessing in data mining},
  author={Garc{\'i}a, Salvador and Luengo, Juli{\'a}n and Herrera, Francisco},
  volume={72},
  year={2015},
  publisher={Springer}
}
@article{mcculloch1943logical,
  title={A logical calculus of the ideas immanent in nervous activity},
  author={McCulloch, Warren S and Pitts, Walter},
  journal={The bulletin of mathematical biophysics},
  volume={5},
  number={4},
  pages={115--133},
  year={1943},
  publisher={Springer}
}
@article{rosenblatt1958perceptron,
  title={The perceptron: a probabilistic model for information storage and organization in the brain.},
  author={Rosenblatt, Frank},
  journal={Psychological review},
  volume={65},
  number={6},
  pages={386},
  year={1958},
  publisher={American Psychological Association}
}
@article{charte2019snapshot,
  title={A snapshot on nonstandard supervised learning problems: taxonomy, relationships, problem transformations and algorithm adaptations},
  author={Charte, David and Charte, Francisco and Garc{\'i}a, Salvador and Herrera, Francisco},
  journal={Progress in Artificial Intelligence},
  volume={8},
  number={1},
  pages={1--14},
  year={2019},
  publisher={Springer},
  doi={10.1007/s13748-018-00167-7}
}
@article{charte2019ruta,
  title={Ruta: Implementations of neural autoencoders in R},
  author={Charte, David and Herrera, Francisco and Charte, Francisco},
  journal={Knowledge-Based Systems},
  volume={174},
  pages={4--8},
  year={2019},
  publisher={Elsevier},
  doi={10.1016/j.knosys.2019.01.014}
}
@inproceedings{charte2019showcase,
  title={A showcase of the use of autoencoders in feature learning applications},
  author={Charte, David and Charte, Francisco and del Jesus, Mar{\'i}a Jos{\'e} and Herrera, Francisco},
  booktitle={International Work-Conference on the Interplay Between Natural and Artificial Computation},
  pages={412--421},
  year={2019},
  organization={Springer},
  doi={10.1007/978-3-030-19651-6_40}
}
@article{charte2020analysis,
  title={An analysis on the use of autoencoders for representation learning: Fundamentals, learning task case studies, explainability and challenges},
  author={Charte, David and Charte, Francisco and del Jesus, Maria J and Herrera, Francisco},
  journal={Neurocomputing},
  volume={404},
  pages={93--107},
  year={2020},
  publisher={Elsevier},
  doi={10.1016/j.neucom.2020.04.057}
}
@article{charte2021reducing,
  title={Reducing Data Complexity using Autoencoders with Class-informed Loss Functions},
  author={Charte, David and Charte, Francisco and Herrera, Francisco},
  journal={IEEE Transactions on Pattern Analysis and Machine Intelligence},
  year={2021},
  publisher={IEEE},
  doi={10.1109/TPAMI.2021.3127698}
}
@inproceedings{charte2021slicer,
  title={Slicer: Feature Learning for Class Separability with Least-Squares Support Vector Machine Loss and COVID-19 Chest X-Ray Case Study},
  author={Charte, David and Sevillano-Garc{\'i}a, Iv{\'a}n and Lucena-Gonz{\'a}lez, Mar{\'i}a Jes{\'u}s and Mart{\'i}n-Rodr{\'i}guez, Jos{\'e} Luis and Charte, Francisco and Herrera, Francisco},
  booktitle={International Conference on Hybrid Artificial Intelligence Systems},
  pages={305--315},
  year={2021},
  organization={Springer},
  doi={10.1007/978-3-030-86271-8_26}
}

@misc{deepl,
  author       = {{DeepL Team}},
  howpublished = {https://www.deepl.com/en/blog/how-does-deepl-work},
  title        = {How does {DeepL} work?},
  year         = {2021}
}

@misc{mycroft,
  author = {{Mycroft.AI}},
  howpublished = {\url{https://mycroft-ai.gitbook.io/docs/mycroft-technologies/overview}},
  title = {Mycroft Technologies Overview},
  year = {2021}
}
@article{SHU19991,
title = {A neural network-based intelligent metasearch engine},
journal = {Information Sciences},
volume = {120},
number = {1},
pages = {1-11},
year = {1999},
issn = {0020-0255},
doi = {https://doi.org/10.1016/S0020-0255(99)00062-6},
url = {https://www.sciencedirect.com/science/article/pii/S0020025599000626},
author = {Bo Shu and Subhash Kak},
}

@misc{keras,
  author       = {Fran{\c c}ois Chollet and {contributors}},
  howpublished = {https://keras.io/api/},
  title        = {Keras API Documentation},
  year         = {2022}
}

@article{dietterich1997solving,
  title={Solving the multiple instance problem with axis-parallel rectangles},
  author={Dietterich, Thomas G and Lathrop, Richard H and Lozano-P{\'e}rez, Tom{\'a}s},
  journal={Artificial intelligence},
  volume={89},
  number={1-2},
  pages={31--71},
  year={1997},
  publisher={Elsevier}
}
@article{sun2013survey,
  title={A survey of multi-view machine learning},
  author={Sun, Shiliang},
  journal={Neural computing and applications},
  volume={23},
  number={7},
  pages={2031--2038},
  year={2013},
  publisher={Springer}
}
@article{domingos2012few,
  title={A few useful things to know about machine learning},
  author={Domingos, Pedro},
  journal={Communications of the ACM},
  volume={55},
  number={10},
  pages={78--87},
  year={2012},
  publisher={ACM New York, NY, USA}
}
@article{borsboom2008latent,
  title={Latent variable theory},
  author={Borsboom, Denny},
  year={2008},
  journal={Measurement: Interdisciplinary Research and Perspectives},
  publisher={Taylor \& Francis}
}
@article{cano2013analysis,
  title={Analysis of data complexity measures for classification},
  author={Cano, Jos{\'e}-Ram{\'o}n},
  journal={Expert systems with applications},
  volume={40},
  number={12},
  pages={4820--4831},
  year={2013},
  publisher={Elsevier}
}
@article{bengio2013representation,
  title={Representation learning: A review and new perspectives},
  author={Bengio, Yoshua and Courville, Aaron and Vincent, Pascal},
  journal={IEEE transactions on pattern analysis and machine intelligence},
  volume={35},
  number={8},
  pages={1798--1828},
  year={2013},
  publisher={IEEE}
}
@article{lin2008riemannian,
  title={Riemannian manifold learning},
  author={Lin, Tong and Zha, Hongbin},
  journal={IEEE Transactions on Pattern Analysis and Machine Intelligence},
  volume={30},
  number={5},
  pages={796--809},
  year={2008},
  publisher={IEEE}
}
@inproceedings{sakurada2014anomaly,
  title={Anomaly detection using autoencoders with nonlinear dimensionality reduction},
  author={Sakurada, Mayu and Yairi, Takehisa},
  booktitle={Proceedings of the MLSDA 2014 2nd workshop on machine learning for sensory data analysis},
  pages={4--11},
  year={2014}
}

@article{LLE,
  title={Nonlinear dimensionality reduction by locally linear embedding},
  author={Roweis, Sam T and Saul, Lawrence K},
  journal={science},
  volume={290},
  number={5500},
  pages={2323--2326},
  year={2000},
  publisher={American Association for the Advancement of Science}
}
@article{Isomap,
  title={A global geometric framework for nonlinear dimensionality reduction},
  author={Tenenbaum, Joshua B and Silva, Vin de and Langford, John C},
  journal={science},
  volume={290},
  number={5500},
  pages={2319--2323},
  year={2000},
  publisher={American Association for the Advancement of Science}
}
@article{kingma2014adam,
  title={Adam: A method for stochastic optimization},
  author={Kingma, Diederik P and Ba, Jimmy},
  journal={arXiv preprint arXiv:1412.6980},
  year={2014}
}
@article{freund1997decision,
  title={A decision-theoretic generalization of on-line learning and an application to boosting},
  author={Freund, Yoav and Schapire, Robert E},
  journal={Journal of computer and system sciences},
  volume={55},
  number={1},
  pages={119--139},
  year={1997},
  publisher={Elsevier}
}

@article{zeiler2012adadelta,
  title={Adadelta: an adaptive learning rate method},
  author={Zeiler, Matthew D},
  journal={arXiv preprint arXiv:1212.5701},
  year={2012}
}
@inproceedings{zhou1988computation,
  title={Computation of optical flow using a neural network.},
  author={Zhou, Yi-Tong and Chellappa, Rama},
  booktitle={ICNN},
  pages={71--78},
  year={1988}
}
@article{hochreiter1997long,
  title={Long short-term memory},
  author={Hochreiter, Sepp and Schmidhuber, J{\"u}rgen},
  journal={Neural computation},
  volume={9},
  number={8},
  pages={1735--1780},
  year={1997},
  publisher={MIT Press}
}
@inproceedings{he2016deep,
  title={Deep residual learning for image recognition},
  author={He, Kaiming and Zhang, Xiangyu and Ren, Shaoqing and Sun, Jian},
  booktitle={Proceedings of the IEEE conference on computer vision and pattern recognition},
  pages={770--778},
  year={2016}
}
@INPROCEEDINGS{7780677,

  author={Szegedy, Christian and Vanhoucke, Vincent and Ioffe, Sergey and Shlens, Jon and Wojna, Zbigniew},

  booktitle={2016 IEEE Conference on Computer Vision and Pattern Recognition (CVPR)}, 

  title={Rethinking the Inception Architecture for Computer Vision}, 

  year={2016},

  volume={},

  number={},

  pages={2818-2826},

  doi={10.1109/CVPR.2016.308}}
@inproceedings{lin2019towards,
  title={Towards optimal structured cnn pruning via generative adversarial learning},
  author={Lin, Shaohui and Ji, Rongrong and Yan, Chenqian and Zhang, Baochang and Cao, Liujuan and Ye, Qixiang and Huang, Feiyue and Doermann, David},
  booktitle={Proceedings of the IEEE/CVF Conference on Computer Vision and Pattern Recognition},
  pages={2790--2799},
  year={2019}
}
@article{galar2014empowering,
  title={Empowering difficult classes with a similarity-based aggregation in multi-class classification problems},
  author={Galar, Mikel and Fern{\'a}ndez, Alberto and Barrenechea, Edurne and Herrera, Francisco},
  journal={Information Sciences},
  volume={264},
  pages={135--157},
  year={2014},
  publisher={Elsevier}
}
@article{ho2002complexity,
  title={Complexity measures of supervised classification problems},
  author={Ho, Tin Kam and Basu, Mitra},
  journal={IEEE transactions on pattern analysis and machine intelligence},
  volume={24},
  number={3},
  pages={289--300},
  year={2002},
  publisher={IEEE}
}
@article{vaswani2017attention,
  title={Attention is all you need},
  author={Vaswani, Ashish and Shazeer, Noam and Parmar, Niki and Uszkoreit, Jakob and Jones, Llion and Gomez, Aidan N and Kaiser, {\L}ukasz and Polosukhin, Illia},
  journal={Advances in neural information processing systems},
  volume={30},
  year={2017}
}
@inproceedings{prabhavalkar2017comparison,
  title={A Comparison of Sequence-to-Sequence Models for Speech Recognition.},
  author={Prabhavalkar, Rohit and Rao, Kanishka and Sainath, Tara N and Li, Bo and Johnson, Leif and Jaitly, Navdeep},
  booktitle={Interspeech},
  pages={939--943},
  year={2017}
}
@article{minaee2021image,
  title={Image segmentation using deep learning: A survey},
  author={Minaee, Shervin and Boykov, Yuri Y and Porikli, Fatih and Plaza, Antonio J and Kehtarnavaz, Nasser and Terzopoulos, Demetri},
  journal={IEEE transactions on pattern analysis and machine intelligence},
  year={2021},
  publisher={IEEE}
}
@inproceedings{bahdanau2014neural,
  title={Neural machine translation by jointly learning to align and translate},
  author={Bahdanau, Dzmitry and Cho, Kyunghyun and Bengio, Yoshua},
  booktitle={Proceedings of the ICLR 2015},
  year={2015}
}
@article{luong2015effective,
  title={Effective approaches to attention-based neural machine translation},
  author={Luong, Minh-Thang and Pham, Hieu and Manning, Christopher D},
  journal={arXiv preprint arXiv:1508.04025},
  year={2015}
}
@inproceedings{liu2021swin,
  title={Swin transformer: Hierarchical vision transformer using shifted windows},
  author={Liu, Ze and Lin, Yutong and Cao, Yue and Hu, Han and Wei, Yixuan and Zhang, Zheng and Lin, Stephen and Guo, Baining},
  booktitle={Proceedings of the IEEE/CVF International Conference on Computer Vision},
  pages={10012--10022},
  year={2021}
}
@article{chen2021cyclemlp,
  title={Cyclemlp: A mlp-like architecture for dense prediction},
  author={Chen, Shoufa and Xie, Enze and Ge, Chongjian and Liang, Ding and Luo, Ping},
  journal={arXiv preprint arXiv:2107.10224},
  year={2021}
}
@inproceedings{devlin-etal-2019-bert,
    title = "{BERT}: Pre-training of Deep Bidirectional Transformers for Language Understanding",
    author = "Devlin, Jacob  and
      Chang, Ming-Wei  and
      Lee, Kenton  and
      Toutanova, Kristina",
    booktitle = "Proceedings of the 2019 Conference of the North {A}merican Chapter of the Association for Computational Linguistics",
    month = jun,
    year = "2019",
    address = "Minneapolis, Minnesota",
    publisher = "Association for Computational Linguistics",
    url = "https://aclanthology.org/N19-1423",
    doi = "10.18653/v1/N19-1423",
    pages = "4171--4186",
}
@misc{nvidiaa100,
  author       = {NVIDIA},
  title        = {NVIDIA A100 Tensor Core GPU Architecture},
  howpublished = {\url{https://images.nvidia.com/aem-dam/en-zz/Solutions/data-center/nvidia-ampere-architecture-whitepaper.pdf}},
  note = "Accessed: 2022-04-26",
  year = {2020}
}
@article{willemink2020preparing,
  title={Preparing medical imaging data for machine learning},
  author={Willemink, Martin J and Koszek, Wojciech A and Hardell, Cailin and Wu, Jie and Fleischmann, Dominik and Harvey, Hugh and Folio, Les R and Summers, Ronald M and Rubin, Daniel L and Lungren, Matthew P},
  journal={Radiology},
  volume={295},
  number={1},
  pages={4--15},
  year={2020},
  publisher={Radiological Society of North America}
}
@article{gao2015survey,
  title={A survey of fault diagnosis and fault-tolerant techniques—Part I: Fault diagnosis with model-based and signal-based approaches},
  author={Gao, Zhiwei and Cecati, Carlo and Ding, Steven X},
  journal={IEEE transactions on industrial electronics},
  volume={62},
  number={6},
  pages={3757--3767},
  year={2015},
  publisher={IEEE}
}
@article{dhar2013data,
  title={Data science and prediction},
  author={Dhar, Vasant},
  journal={Communications of the ACM},
  volume={56},
  number={12},
  pages={64--73},
  year={2013},
  publisher={ACM New York, NY, USA}
}
@inproceedings{fong2017interpretable,
  title={Interpretable explanations of black boxes by meaningful perturbation},
  author={Fong, Ruth C and Vedaldi, Andrea},
  booktitle={Proceedings of the IEEE international conference on computer vision},
  pages={3429--3437},
  year={2017}
}
@book{bishop2006pattern,
  title={Pattern recognition and machine learning},
  author={Bishop, Christopher M and Nasrabadi, Nasser M},
  volume={4},
  number={4},
  year={2006},
  publisher={Springer}
}
@article{vanEngelen2019ASO,
  title={A survey on semi-supervised learning},
  author={Jesper E. van Engelen and Holger H. Hoos},
  journal={Machine Learning},
  year={2019},
  volume={109},
  pages={373-440}
}
@article{Herrera2010AnOO,
  title={An overview on subgroup discovery: foundations and applications},
  author={Francisco Herrera and Crist{\'o}bal Jos{\'e} Carmona and Pedro Gonz{\'a}lez and Mar{\'i}a Jos{\'e} del Jes{\'u}s},
  journal={Knowledge and Information Systems},
  year={2010},
  volume={29},
  pages={495-525}
}
@article{kober2013reinforcement,
  title={Reinforcement learning in robotics: A survey},
  author={Kober, Jens and Bagnell, J Andrew and Peters, Jan},
  journal={The International Journal of Robotics Research},
  volume={32},
  number={11},
  pages={1238--1274},
  year={2013},
  publisher={SAGE Publications Sage UK: London, England}
}
@book{celebi2016unsupervised,
  title={Unsupervised learning algorithms},
  author={Celebi, M Emre and Aydin, Kemal},
  year={2016},
  publisher={Springer}
}
@article{Caruana2006AnEC,
  title={An empirical comparison of supervised learning algorithms},
  author={Rich Caruana and Alexandru Niculescu-Mizil},
  journal={Proceedings of the 23rd international conference on Machine learning},
  year={2006}
}
@incollection{herrera2016multilabel,
  title={Multilabel classification},
  author={Herrera, Francisco and Charte, Francisco and Rivera, Antonio J and Jesus, Mar{\'i}a J del},
  booktitle={Multilabel Classification},
  pages={17--31},
  year={2016},
  publisher={Springer}
}
@article{borchani2015survey,
  title={A survey on multi-output regression},
  author={Borchani, Hanen and Varando, Gherardo and Bielza, Concha and Larranaga, Pedro},
  journal={Wiley Interdisciplinary Reviews: Data Mining and Knowledge Discovery},
  volume={5},
  number={5},
  pages={216--233},
  year={2015},
  publisher={Wiley Online Library}
}
@article{zhou2012multi,
  title={Multi-instance multi-label learning},
  author={Zhou, Zhi-Hua and Zhang, Min-Ling and Huang, Sheng-Jun and Li, Yu-Feng},
  journal={Artificial Intelligence},
  volume={176},
  number={1},
  pages={2291--2320},
  year={2012},
  publisher={Elsevier}
}
@article{zhu2020global,
  title={Global and local multi-view multi-label learning},
  author={Zhu, Changming and Miao, Duoqian and Wang, Zhe and Zhou, Rigui and Wei, Lai and Zhang, Xiafen},
  journal={Neurocomputing},
  volume={371},
  pages={67--77},
  year={2020},
  publisher={Elsevier}
}
@article{silver2016mastering,
  title={Mastering the game of Go with deep neural networks and tree search},
  author={Silver, David and Huang, Aja and Maddison, Chris J and Guez, Arthur and Sifre, Laurent and Van Den Driessche, George and Schrittwieser, Julian and Antonoglou, Ioannis and Panneershelvam, Veda and Lanctot, Marc and others},
  journal={nature},
  volume={529},
  number={7587},
  pages={484--489},
  year={2016},
  publisher={Nature Publishing Group}
}
@article{vinyals2019grandmaster,
  title={Grandmaster level in StarCraft II using multi-agent reinforcement learning},
  author={Vinyals, Oriol and Babuschkin, Igor and Czarnecki, Wojciech M and Mathieu, Micha{\"e}l and Dudzik, Andrew and Chung, Junyoung and Choi, David H and Powell, Richard and Ewalds, Timo and Georgiev, Petko and others},
  journal={Nature},
  volume={575},
  number={7782},
  pages={350--354},
  year={2019},
  publisher={Nature Publishing Group}
}

@article{interplay,
Author = {Gorriz, Juan M. and Ramirez, Javier and Ortiz, Andres and
   Martinez-Murcia, Francisco J. and Segovia, Fermin and Suckling, John and
   Leming, Matthew and Zhang, Yu-Dong and Ramon Alvarez-Sanchez, Jose and
   Bologna, Guido and Bonomini, Paula and Casado, Fernando E. and Charte,
   David and Charte, Francisco and Contreras, Ricardo and Cuesta-Infante,
   Alfredo and Duro, Richard J. and Fernandez-Caballero, Antonio and
   Fernandez-Jover, Eduardo and Gomez-Vilda, Pedro and Grana, Manuel and
   Herrera, Francisco and Iglesias, Roberto and Lekova, Anna and de Lope,
   Javier and Lopez-Rubio, Ezequiel and Martinez-Tomas, Rafael and
   Molina-Cabello, Miguel A. and Montemayor, Antonio S. and Novais, Paulo
   and Palacios-Alonso, Daniel and Pantrigo, Juan J. and Payne, Bryson R.
   and de la Paz Lopez, Felix and Angelica Pinninghoff, Maria and Rincon,
   Mariano and Santos, Jose and Thurnhofer-Hemsi, Karl and Tsanas,
   Athanasios and Varela, Ramiro and Ferrandez, Jose M.},
Title = {Artificial intelligence within the interplay between natural and
   artificial computation: Advances in data science, trends and
   applications},
Journal = {Neurocomputing},
Year = {2020},
Volume = {410},
Pages = {237-270},
Month = {OCT 14},
DOI = {10.1016/j.neucom.2020.05.078},
ISSN = {0925-2312},
EISSN = {1872-8286},
ResearcherID-Numbers = {de Lope, Javier/AAN-6398-2021
   rincón, mariano/N-2420-2014
   Suckling, John/ABD-7246-2021
   Palacios-Alonso, Daniel/ABG-1447-2020
   Fernandez, Eduardo/S-8206-2016
   Ramírez, Javier/B-1836-2012
   Zhang, Yudong/I-7633-2013
   de la Paz López, Félix/B-9958-2008
   Álvarez-Sánchez, José Ramón/B-9463-2008
   Pantrigo, Juan José/AAA-2290-2019
   CUESTA-INFANTE, ALFREDO/L-3708-2014
   Novais, Paulo/M-4053-2013
   Martínez-Murcia, Francisco Jesús/E-6644-2013
   Thurnhofer-Hemsi, Karl/Q-8845-2018
   Charte, Francisco/F-2961-2011
   Romay, Manuel M. Graña/L-1341-2014
   Santos, Jose/H-8569-2014
   Ferrandez, Jose Manuel/C-9378-2009
   Segovia Roman, Fermin/M-3306-2014
   Martinez-Tomas, Rafael/G-4403-2014},
ORCID-Numbers = {de Lope, Javier/0000-0001-9779-6057
   rincón, mariano/0000-0002-0138-4662
   Suckling, John/0000-0002-5098-1527
   Palacios-Alonso, Daniel/0000-0001-6063-4898
   Fernandez, Eduardo/0000-0002-7052-6011
   Ramírez, Javier/0000-0002-6229-2921
   Zhang, Yudong/0000-0002-4870-1493
   de la Paz López, Félix/0000-0002-1530-159X
   Álvarez-Sánchez, José Ramón/0000-0001-5659-6841
   Pantrigo, Juan José/0000-0002-7175-3371
   CUESTA-INFANTE, ALFREDO/0000-0002-3328-501X
   Novais, Paulo/0000-0002-3549-0754
   Martínez-Murcia, Francisco Jesús/0000-0001-8146-7056
   Thurnhofer-Hemsi, Karl/0000-0001-6519-1213
   Charte, Francisco/0000-0002-3083-8942
   Romay, Manuel M. Graña/0000-0001-7373-4097
   Santos, Jose/0000-0002-4212-1367
   Ferrandez, Jose Manuel/0000-0002-4613-6101
   Lekova, Anna/0000-0002-9012-4714
   gomez vilda, pedro/0000-0003-3283-378X
   Tsanas, Athanasios/0000-0002-0994-8100
   Molina-Cabello, Miguel Angel/0000-0002-8929-6017
   Casado, Fernando E./0000-0001-5071-8529
   Segovia Roman, Fermin/0000-0003-1940-8834
   Martinez-Tomas, Rafael/0000-0003-4706-7168},
Unique-ID = {WOS:000579799300022},
}

@article{covid,
Author = {Tabik, S. and Gomez-Rios, A. and Martin-Rodriguez, J. L. and
   Sevillano-Garcia, I and Rey-Area, M. and Charte, D. and Guirado, E. and
   Suarez, J. L. and Luengo, J. and Valero-Gonzalez, M. A. and
   Garcia-Villanova, P. and Olmedo-Sanchez, E. and Herrera, F.},
Title = {COVIDGR Dataset and COVID-SDNet Methodology for Predicting COVID-19
   Based on Chest X-Ray Images},
Journal = {IEEE Journal of Biomedical and Health Informatics},
Year = {2020},
Volume = {24},
Number = {12},
Pages = {3595-3605},
Month = {DEC},
DOI = {10.1109/JBHI.2020.3037127},
ISSN = {2168-2194},
EISSN = {2168-2208},
ResearcherID-Numbers = {MARTIN-RODRIGUEZ, JOSE LUIS/AAB-6389-2022
   Tabik, Siham/AAT-4800-2020
   Guirado, Emilio/AAB-2010-2020
   Luengo, Julian/D-1307-2017
   Gomez-Rios, Anabel/B-7355-2017},
ORCID-Numbers = {Guirado, Emilio/0000-0001-5348-7391
   Luengo, Julian/0000-0003-3952-3629
   Tabik, Siham/0000-0003-4093-5356
   Gomez-Rios, Anabel/0000-0003-4450-4326},
Unique-ID = {WOS:000597173000025},
}

@article{complexity,
Author = {Pascual-Triana, Jose Daniel and Charte, David and Andres Arroyo, Marta
   and Fernandez, Alberto and Herrera, Francisco},
Title = {Revisiting data complexity metrics based on morphology for overlap and
   imbalance: snapshot, new overlap number of balls metrics and singular
   problems prospect},
Journal = {Knowledge and Information Systems},
Year = {2021},
Volume = {63},
Number = {7},
Pages = {1961-1989},
Month = {JUL},
DOI = {10.1007/s10115-021-01577-1},
EarlyAccessDate = {JUN 2021},
ISSN = {0219-1377},
EISSN = {0219-3116},
ORCID-Numbers = {Pascual-Triana, Jose Daniel/0000-0003-4106-3182},
Unique-ID = {WOS:000656830200001},
}

@article{ metallography,
Author = {Luengo, Julian and Moreno, Raul and Sevillano, Ivan and Charte, David
   and Pelaez-Vegas, Adrian and Fernandez-Moreno, Marta and Mesejo, Pablo
   and Herrera, Francisco},
Title = {A tutorial on the segmentation of metallographic images: Taxonomy, new
   MetalDAM dataset, deep learning-based ensemble model, experimental
   analysis and challenges},
Journal = {Information Fusion},
Year = {2022},
Volume = {78},
Pages = {232-253},
Month = {FEB},
DOI = {10.1016/j.inffus.2021.09.018},
EarlyAccessDate = {OCT 2021},
ISSN = {1566-2535},
EISSN = {1872-6305},
ResearcherID-Numbers = {Luengo, Julian/D-1307-2017
   },
ORCID-Numbers = {Luengo, Julian/0000-0003-3952-3629
   Moreno Salinas, Raul/0000-0001-6964-2333
   Pelaez Vegas, Adrian/0000-0001-7887-4267},
Unique-ID = {WOS:000710490300009},
}

@article{ mldr,
Author = {Charte, Francisco and Charte, David},
Title = {Working with Multilabel Datasets in R: The mldr Package},
Journal = {R Journal},
Year = {2015},
Volume = {7},
Number = {2},
Pages = {149-162},
Month = {DEC},
ISSN = {2073-4859},
ResearcherID-Numbers = {Charte, Francisco/F-2961-2011
   Charte, David/R-8178-2017
   Luque, Francisco David Charte/AAB-5715-2020
   Charte, David/W-5901-2018},
ORCID-Numbers = {Charte, Francisco/0000-0002-3083-8942
   Charte, David/0000-0002-4830-9512
   Luque, Francisco David Charte/0000-0002-4830-9512
   Charte, David/0000-0002-4830-9512},
Unique-ID = {WOS:000368551800012},
}

@article{ cometa,
Author = {Charte, Francisco and Rivera, Antonio J. and Charte, David and del
   Jesus, Mara J. and Herrera, Francisco},
Title = {Tips, guidelines and tools for managing multi-label datasets: The
   mldr.datasets R package and the Cometa data repository},
Journal = {Neurocomputing},
Year = {2018},
Volume = {289},
Pages = {68-85},
Month = {MAY 10},
DOI = {10.1016/j.neucom.2018.02.011},
ISSN = {0925-2312},
EISSN = {1872-8286},
ResearcherID-Numbers = {Charte, Francisco/F-2961-2011
   Del Jesus, Maria Jose M.J./D-3932-2012
   Rivas, Antonio J. Rivera/I-3165-2015
   Luque, Francisco David Charte/AAB-5715-2020
   Charte, David/W-5901-2018
   Del Jesus, Maria Jose/AAB-1432-2019},
ORCID-Numbers = {Charte, Francisco/0000-0002-3083-8942
   Del Jesus, Maria Jose M.J./0000-0002-7891-3059
   Rivas, Antonio J. Rivera/0000-0002-1062-3127
   Luque, Francisco David Charte/0000-0002-4830-9512
   Charte, David/0000-0002-4830-9512
   Del Jesus, Maria Jose/0000-0002-7891-3059},
Unique-ID = {WOS:000428123200007},
}
@book{mybook,
title={Machine Learning y Ciencia de Datos con Python y R},
author={Francisco Charte and David Charte},
publisher={Krasis Press},
isbn={978-84-945822-5-7}
}

@incollection{PCABook,
  title={Introduction},
  author={Jolliffe, Ian T},
  booktitle={Principal component analysis},
  pages={1--7},
  year={1986},
  doi="10.1007/978-1-4757-1904-8",
  isbn="978-1-4757-1904-8",
  publisher={Springer}
}
@inproceedings{charte2016r,
  title={R ultimate multilabel dataset repository},
  author={Charte, Francisco and Charte, David and Rivera, Antonio and del Jesus, Mar{\'i}a Jos{\'e} and Herrera, Francisco},
  booktitle={International conference on hybrid artificial intelligence systems},
  pages={487--499},
  year={2016},
  organization={Springer},
  doi={10.1007/978-3-319-32034-2_41}
}

@inproceedings{caepia1,
  title={mldr: Paquete R para exploración de datos multietiqueta},
  author={Charte, David and Charte, Francisco},
  booktitle={XVI Conferencia de la Agencia Española para la Inteligencia Artificial},
  year={2015},
  organization={AEPIA}
}
@inproceedings{caepia2,
  title={Análisis visual de técnicas de deep learning no supervisado},
  author={Charte, David and Charte, Francisco and Herrera, Francisco},
  booktitle={XVII Conferencia de la Agencia Española para la Inteligencia Artificial},
  year={2016},
  organization={AEPIA}
}
@inproceedings{caepia3,
  title={A practical tutorial on autoencoders for nonlinear feature fusion: Taxonomy, models, software and guidelines},
  author={Charte, David and Charte, Francisco and García, Salvador and del Jesus, Mar{\'i}a Jos{\'e} and Herrera, Francisco},
  booktitle={XVIII Conferencia de la Agencia Española para la Inteligencia Artificial},
  year={2018},
  organization={AEPIA}
}
@article{charte2019remedial,
  title={REMEDIAL-HwR: Tackling multilabel imbalance through label decoupling and data resampling hybridization},
  author={Charte, Francisco and Rivera, Antonio J and del Jesus, Mar{\'i}a J and Herrera, Francisco},
  journal={Neurocomputing},
  volume={326},
  pages={110--122},
  year={2019},
  publisher={Elsevier}
}
@misc{aeinterpolation,
  doi = {10.48550/ARXIV.1807.07543},
  
  url = {https://arxiv.org/abs/1807.07543},
  
  author = {Berthelot, David and Raffel, Colin and Roy, Aurko and Goodfellow, Ian},
  
  keywords = {Machine Learning (cs.LG), Machine Learning (stat.ML), FOS: Computer and information sciences, FOS: Computer and information sciences},
  
  title = {Understanding and Improving Interpolation in Autoencoders via an Adversarial Regularizer},
  
  publisher = {arXiv},
  
  year = {2018},
  
  copyright = {arXiv.org perpetual, non-exclusive license}
}
@article{pulgar2020choosing,
  title={Choosing the proper autoencoder for feature fusion based on data complexity and classifiers: Analysis, tips and guidelines},
  author={Pulgar, Francisco J and Charte, Francisco and Rivera, Antonio J and del Jesus, Maria J},
  journal={Information Fusion},
  volume={54},
  pages={44--60},
  year={2020},
  publisher={Elsevier}
}
@article{charte2020evoaaa,
  title={EvoAAA: An evolutionary methodology for automated neural autoencoder architecture search},
  author={Charte, Francisco and Rivera, Antonio J and Martinez, Francisco and del Jesus, Maria J},
  journal={Integrated Computer-Aided Engineering},
  volume={27},
  number={3},
  pages={211--231},
  year={2020},
  publisher={IOS Press}
}
@article{JMLR:v20:18-598,
  author  = {Thomas Elsken and Jan Hendrik Metzen and Frank Hutter},
  title   = {Neural Architecture Search: A Survey},
  journal = {Journal of Machine Learning Research},
  year    = {2019},
  volume  = {20},
  number  = {55},
  pages   = {1-21},
  url     = {http://jmlr.org/papers/v20/18-598.html}
}

@misc{cudadocs,
  author       = {{NVIDIA}},
  howpublished = {\url{https://docs.nvidia.com/cuda/}},
  title        = {CUDA Toolkit Documentation},
  year         = {2022}
}

@misc{opencl,
author = {{Khronos Group}},
howpublished = {\url{https://www.khronos.org/api/opencl/resources}},
title={OpenCL Resource Guide},
year={2022}
}