@inproceedings{7780677,
  title        = {Rethinking the Inception Architecture for Computer Vision},
  author       = {Szegedy, Christian and Vanhoucke, Vincent and Ioffe, Sergey and Shlens, Jon and Wojna, Zbigniew},
  year         = 2016,
  booktitle    = {2016 IEEE Conference on Computer Vision and Pattern Recognition (CVPR)},
  pages        = {2818--2826},
  doi          = {10.1109/cvpr.2016.308}
}
@misc{aeinterpolation,
  title        = {Understanding and Improving Interpolation in Autoencoders via an Adversarial Regularizer},
  author       = {Berthelot, David and Raffel, Colin and Roy, Aurko and Goodfellow, Ian},
  year         = 2018,
  publisher    = {arXiv},
  doi          = {10.48550/arxiv.1807.07543},
  url          = {https://arxiv.org/abs/1807.07543},
  copyright    = {arXiv.org perpetual, non-exclusive license}
}
@inproceedings{bahdanau2014neural,
  title        = {Neural machine translation by jointly learning to align and translate},
  author       = {Bahdanau, Dzmitry and Cho, Kyunghyun and Bengio, Yoshua},
  year         = 2015,
  booktitle    = {Proceedings of the ICLR 2015}
}
@article{balaji2021machine,
  title        = {Machine learning algorithms for social media analysis: A survey},
  author       = {Balaji, TK and Annavarapu, Chandra Sekhara Rao and Bablani, Annushree},
  year         = 2021,
  journal      = {Computer Science Review},
  publisher    = {Elsevier},
  volume       = 40,
  number       = 100395,
  pages        = {1--32}
}
@article{bengio2013representation,
  title        = {Representation learning: A review and new perspectives},
  author       = {Bengio, Yoshua and Courville, Aaron and Vincent, Pascal},
  year         = 2013,
  journal      = {IEEE Transactions on Pattern Analysis and Machine Intelligence},
  publisher    = {IEEE},
  volume       = 35,
  number       = 8,
  pages        = {1798--1828}
}
@book{bishop2006pattern,
  title        = {Pattern recognition and machine learning},
  author       = {Bishop, Christopher M and Nasrabadi, Nasser M},
  year         = 2006,
  publisher    = {Springer},
  volume       = 4,
  number       = 4
}
@article{borchani2015survey,
  title        = {A survey on multi-output regression},
  author       = {Borchani, Hanen and Varando, Gherardo and Bielza, Concha and Larranaga, Pedro},
  year         = 2015,
  journal      = {Wiley Interdisciplinary Reviews: Data Mining and Knowledge Discovery},
  publisher    = {Wiley Online Library},
  volume       = 5,
  number       = 5,
  pages        = {216--233}
}
@article{borsboom2008latent,
  title        = {Latent variable theory},
  author       = {Borsboom, Denny},
  year         = 2008,
  journal      = {Measurement: Interdisciplinary Research and Perspectives},
  publisher    = {Taylor \& Francis}
}
@inproceedings{caepia1,
  title        = {mldr: Paquete R para exploración de datos multietiqueta},
  author       = {Charte, David and Charte, Francisco},
  year         = 2015,
  booktitle    = {XVI Conferencia de la Agencia Española para la Inteligencia Artificial},
  organization = {Aepia}
}
@inproceedings{caepia2,
  title        = {Análisis visual de técnicas de deep learning no supervisado},
  author       = {Charte, David and Charte, Francisco and Herrera, Francisco},
  year         = 2016,
  booktitle    = {XVII Conferencia de la Agencia Española para la Inteligencia Artificial},
  organization = {Aepia}
}
@inproceedings{caepia3,
  title        = {A practical tutorial on autoencoders for nonlinear feature fusion: Taxonomy, models, software and guidelines},
  author       = {Charte, David and Charte, Francisco and García, Salvador and del Jesus, Mar{\'i}a Jos{\'e} and Herrera, Francisco},
  year         = 2018,
  booktitle    = {XVIII Conferencia de la Agencia Española para la Inteligencia Artificial},
  organization = {Aepia}
}
@article{cano2013analysis,
  title        = {Analysis of data complexity measures for classification},
  author       = {Cano, Jos{\'e}-Ram{\'o}n},
  year         = 2013,
  journal      = {Expert systems with applications},
  publisher    = {Elsevier},
  volume       = 40,
  number       = 12,
  pages        = {4820--4831}
}
@article{Caruana2006AnEC,
  title        = {An empirical comparison of supervised learning algorithms},
  author       = {Rich Caruana and Alexandru Niculescu-Mizil},
  year         = 2006,
  journal      = {Proceedings of the 23rd international conference on Machine learning}
}
@article{carvalho2019systematic,
  title        = {A systematic literature review of machine learning methods applied to predictive maintenance},
  author       = {Carvalho, Thyago P and Soares, Fabr{\'\i}zzio AAMN and Vita, Roberto and Francisco, Roberto da P and Basto, Jo{\~a}o P and Alcal{\'a}, Symone GS},
  year         = 2019,
  journal      = {Computers \& Industrial Engineering},
  publisher    = {Elsevier},
  volume       = 137,
  number       = 106024,
  pages        = {1--10},
  doi          = {10.1016/j.cie.2019.106024}
}
@book{celebi2016unsupervised,
  title        = {Unsupervised learning algorithms},
  author       = {Celebi, M Emre and Aydin, Kemal},
  year         = 2016,
  publisher    = {Springer}
}
@inproceedings{charte2016r,
  title        = {R ultimate multilabel dataset repository},
  author       = {Charte, Francisco and Charte, David and Rivera, Antonio and del Jesus, Mar{\'i}a Jos{\'e} and Herrera, Francisco},
  year         = 2016,
  booktitle    = {International conference on hybrid artificial intelligence systems},
  pages        = {487--499},
  doi          = {10.1007/978-3-319-32034-2_41},
  organization = {Springer}
}
@article{charte2019remedial,
  title        = {REMEDIAL-HwR: Tackling multilabel imbalance through label decoupling and data resampling hybridization},
  author       = {Charte, Francisco and Rivera, Antonio J and del Jesus, Mar{\'i}a J and Herrera, Francisco},
  year         = 2019,
  journal      = {Neurocomputing},
  publisher    = {Elsevier},
  volume       = 326,
  pages        = {110--122}
}
@article{charte2019ruta,
  title        = {Ruta: Implementations of neural autoencoders in R},
  author       = {Charte, David and Herrera, Francisco and Charte, Francisco},
  year         = 2019,
  journal      = {Knowledge-Based Systems},
  publisher    = {Elsevier},
  volume       = 174,
  pages        = {4--8},
  doi          = {10.1016/j.knosys.2019.01.014}
}
@inproceedings{charte2019showcase,
  title        = {A showcase of the use of autoencoders in feature learning applications},
  author       = {Charte, David and Charte, Francisco and del Jesus, Mar{\'i}a Jos{\'e} and Herrera, Francisco},
  year         = 2019,
  booktitle    = {International Work-Conference on the Interplay Between Natural and Artificial Computation},
  pages        = {412--421},
  doi          = {10.1007/978-3-030-19651-6_40},
  organization = {Springer}
}
@article{charte2019snapshot,
  title        = {A snapshot on nonstandard supervised learning problems: taxonomy, relationships, problem transformations and algorithm adaptations},
  author       = {Charte, David and Charte, Francisco and Garc{\'i}a, Salvador and Herrera, Francisco},
  year         = 2019,
  journal      = {Progress in Artificial Intelligence},
  publisher    = {Springer},
  volume       = 8,
  number       = 1,
  pages        = {1--14},
  doi          = {10.1007/s13748-018-00167-7}
}
@article{charte2020analysis,
  title        = {An analysis on the use of autoencoders for representation learning: Fundamentals, learning task case studies, explainability and challenges},
  author       = {Charte, David and Charte, Francisco and del Jesus, Maria J and Herrera, Francisco},
  year         = 2020,
  journal      = {Neurocomputing},
  publisher    = {Elsevier},
  volume       = 404,
  pages        = {93--107},
  doi          = {10.1016/j.neucom.2020.04.057}
}
@article{charte2020evoaaa,
  title        = {EvoAAA: An evolutionary methodology for automated neural autoencoder architecture search},
  author       = {Charte, Francisco and Rivera, Antonio J and Martinez, Francisco and del Jesus, Maria J},
  year         = 2020,
  journal      = {Integrated Computer-Aided Engineering},
  publisher    = {IOS Press},
  volume       = 27,
  number       = 3,
  pages        = {211--231}
}
@article{charte2021reducing,
  title        = {Reducing Data Complexity using Autoencoders with Class-informed Loss Functions},
  author       = {Charte, David and Charte, Francisco and Herrera, Francisco},
  year         = 2021,
  journal      = {IEEE Transactions on Pattern Analysis and Machine Intelligence},
  publisher    = {IEEE},
  doi          = {10.1109/tpami.2021.3127698}
}
@inproceedings{charte2021slicer,
  title        = {Slicer: Feature Learning for Class Separability with Least-Squares Support Vector Machine Loss and COVID-19 Chest X-Ray Case Study},
  author       = {Charte, David and Sevillano-Garc{\'i}a, Iv{\'a}n and Lucena-Gonz{\'a}lez, Mar{\'i}a Jes{\'u}s and Mart{\'i}n-Rodr{\'i}guez, Jos{\'e} Luis and Charte, Francisco and Herrera, Francisco},
  year         = 2021,
  booktitle    = {International Conference on Hybrid Artificial Intelligence Systems},
  pages        = {305--315},
  doi          = {10.1007/978-3-030-86271-8_26},
  organization = {Springer}
}
@article{chen2021cyclemlp,
  title        = {Cyclemlp: A mlp-like architecture for dense prediction},
  author       = {Chen, Shoufa and Xie, Enze and Ge, Chongjian and Liang, Ding and Luo, Ping},
  year         = 2021,
  journal      = {arXiv preprint arXiv:2107.10224}
}
@article{cometa,
  title        = {Tips, guidelines and tools for managing multi-label datasets: The mldr.datasets R package and the Cometa data repository},
  author       = {Charte, Francisco and Rivera, Antonio J. and Charte, David and del Jesus, Mara J. and Herrera, Francisco},
  year         = 2018,
  month        = {May 10},
  journal      = {Neurocomputing},
  volume       = 289,
  pages        = {68--85},
  doi          = {10.1016/j.neucom.2018.02.011},
  issn         = {0925-2312},
  eissn        = {1872-8286},
  researcherid-numbers = {Charte, Francisco/F-2961-2011 Del Jesus, Maria Jose M.J./D-3932-2012 Rivas, Antonio J. Rivera/I-3165-2015 Luque, Francisco David Charte/AAB-5715-2020 Charte, David/W-5901-2018 Del Jesus, Maria Jose/AAB-1432-2019},
  orcid-numbers = {Charte, Francisco/0000-0002-3083-8942 Del Jesus, Maria Jose M.J./0000-0002-7891-3059 Rivas, Antonio J. Rivera/0000-0002-1062-3127 Luque, Francisco David Charte/0000-0002-4830-9512 Charte, David/0000-0002-4830-9512 Del Jesus, Maria Jose/0000-0002-7891-3059},
  unique-id    = {Wos:000428123200007}
}
@article{complexity,
  title        = {Revisiting data complexity metrics based on morphology for overlap and imbalance: snapshot, new overlap number of balls metrics and singular problems prospect},
  author       = {Pascual-Triana, Jose Daniel and Charte, David and Andres Arroyo, Marta and Fernandez, Alberto and Herrera, Francisco},
  year         = 2021,
  month        = {Jul},
  journal      = {Knowledge and Information Systems},
  volume       = 63,
  number       = 7,
  pages        = {1961--1989},
  doi          = {10.1007/s10115-021-01577-1},
  issn         = {0219-1377},
  earlyaccessdate = {Jun 2021},
  eissn        = {0219-3116},
  orcid-numbers = {Pascual-Triana, Jose Daniel/0000-0003-4106-3182},
  unique-id    = {Wos:000656830200001}
}
@article{covid,
  title        = {COVIDGR Dataset and COVID-SDNet Methodology for Predicting COVID-19 Based on Chest X-Ray Images},
  author       = {Tabik, S. and Gomez-Rios, A. and Martin-Rodriguez, J. L. and Sevillano-Garcia, I and Rey-Area, M. and Charte, D. and Guirado, E. and Suarez, J. L. and Luengo, J. and Valero-Gonzalez, M. A. and Garcia-Villanova, P. and Olmedo-Sanchez, E. and Herrera, F.},
  year         = 2020,
  month        = {Dec},
  journal      = {IEEE Journal of Biomedical and Health Informatics},
  volume       = 24,
  number       = 12,
  pages        = {3595--3605},
  doi          = {10.1109/jbhi.2020.3037127},
  issn         = {2168-2194},
  eissn        = {2168-2208},
  researcherid-numbers = {MARTIN-RODRIGUEZ, JOSE LUIS/AAB-6389-2022 Tabik, Siham/AAT-4800-2020 Guirado, Emilio/AAB-2010-2020 Luengo, Julian/D-1307-2017 Gomez-Rios, Anabel/B-7355-2017},
  orcid-numbers = {Guirado, Emilio/0000-0001-5348-7391 Luengo, Julian/0000-0003-3952-3629 Tabik, Siham/0000-0003-4093-5356 Gomez-Rios, Anabel/0000-0003-4450-4326},
  unique-id    = {Wos:000597173000025}
}
@misc{cudadocs,
  title        = {CUDA Toolkit Documentation},
  author       = {{NVIDIA}},
  year         = 2022,
  howpublished = {\url{https://docs.nvidia.com/cuda/}}
}
@misc{deepl,
  title        = {How does {DeepL} work?},
  author       = {{DeepL Team}},
  year         = 2021,
  howpublished = {https://www.deepl.com/en/blog/how-does-deepl-work}
}
@book{deisenroth2020mathematics,
  title        = {Mathematics for machine learning},
  author       = {Deisenroth, Marc Peter and Faisal, A Aldo and Ong, Cheng Soon},
  year         = 2020,
  publisher    = {Cambridge University Press}
}
@inproceedings{devlin-etal-2019-bert,
  title        = {{BERT}: Pre-training of Deep Bidirectional Transformers for Language Understanding},
  author       = {Devlin, Jacob  and Chang, Ming-Wei  and Lee, Kenton  and Toutanova, Kristina},
  year         = 2019,
  month        = jun,
  booktitle    = {Proceedings of the 2019 Conference of the North {A}merican Chapter of the Association for Computational Linguistics},
  publisher    = {Association for Computational Linguistics},
  address      = {Minneapolis, Minnesota},
  pages        = {4171--4186},
  doi          = {10.18653/v1/N19-1423},
  url          = {https://aclanthology.org/N19-1423}
}
@article{dhar2013data,
  title        = {Data science and prediction},
  author       = {Dhar, Vasant},
  year         = 2013,
  journal      = {Communications of the ACM},
  publisher    = {ACM New York, NY, USA},
  volume       = 56,
  number       = 12,
  pages        = {64--73}
}
@article{dietterich1997solving,
  title        = {Solving the multiple instance problem with axis-parallel rectangles},
  author       = {Dietterich, Thomas G and Lathrop, Richard H and Lozano-P{\'e}rez, Tom{\'a}s},
  year         = 1997,
  journal      = {Artificial Intelligence},
  publisher    = {Elsevier},
  volume       = 89,
  number       = {1-2},
  pages        = {31--71}
}
@article{domingos2012few,
  title        = {A few useful things to know about machine learning},
  author       = {Domingos, Pedro},
  year         = 2012,
  journal      = {Communications of the ACM},
  publisher    = {ACM New York, NY, USA},
  volume       = 55,
  number       = 10,
  pages        = {78--87}
}
@article{erickson2017machine,
  title        = {Machine learning for medical imaging},
  author       = {Erickson, Bradley J and Korfiatis, Panagiotis and Akkus, Zeynettin and Kline, Timothy L},
  year         = 2017,
  journal      = {Radiographics},
  publisher    = {Radiological Society of North America},
  volume       = 37,
  number       = 2,
  pages        = {505--515}
}
@article{fang2015sentiment,
  title        = {Sentiment analysis using product review data},
  author       = {Fang, Xing and Zhan, Justin},
  year         = 2015,
  journal      = {Journal of Big Data},
  publisher    = {Springer},
  volume       = 2,
  number       = 1,
  pages        = {1--14}
}
@inproceedings{fong2017interpretable,
  title        = {Interpretable explanations of black boxes by meaningful perturbation},
  author       = {Fong, Ruth C and Vedaldi, Andrea},
  year         = 2017,
  booktitle    = {Proceedings of the IEEE International Conference on Computer Vision (ICCV)},
  pages        = {3429--3437}
}
@article{freund1997decision,
  title        = {A decision-theoretic generalization of on-line learning and an application to boosting},
  author       = {Freund, Yoav and Schapire, Robert E},
  year         = 1997,
  journal      = {Journal of Computer and System Sciences},
  publisher    = {Elsevier},
  volume       = 55,
  number       = 1,
  pages        = {119--139}
}
@article{galar2014empowering,
  title        = {Empowering difficult classes with a similarity-based aggregation in multi-class classification problems},
  author       = {Galar, Mikel and Fern{\'a}ndez, Alberto and Barrenechea, Edurne and Herrera, Francisco},
  year         = 2014,
  journal      = {Information Sciences},
  publisher    = {Elsevier},
  volume       = 264,
  pages        = {135--157}
}
@article{gao2015survey,
  title        = {A survey of fault diagnosis and fault-tolerant techniques—Part I: Fault diagnosis with model-based and signal-based approaches},
  author       = {Gao, Zhiwei and Cecati, Carlo and Ding, Steven X},
  year         = 2015,
  journal      = {IEEE Transactions on Industrial Electronics},
  publisher    = {IEEE},
  volume       = 62,
  number       = 6,
  pages        = {3757--3767}
}
@book{garcia2015data,
  title        = {Data preprocessing in data mining},
  author       = {Garc{\'i}a, Salvador and Luengo, Juli{\'a}n and Herrera, Francisco},
  year         = 2015,
  publisher    = {Springer},
  volume       = 72
}
@book{goodfellow2016deep,
  title        = {Deep learning},
  author       = {Goodfellow, Ian and Bengio, Yoshua and Courville, Aaron},
  year         = 2016,
  publisher    = {MIT press}
}
@inproceedings{he2016deep,
  title        = {Deep residual learning for image recognition},
  author       = {He, Kaiming and Zhang, Xiangyu and Ren, Shaoqing and Sun, Jian},
  year         = 2016,
  booktitle    = {Proceedings of the IEEE Conference on Computer Vision and Pattern Recognition (CVPR)},
  pages        = {770--778}
}
@article{Herrera2010AnOO,
  title        = {An overview on subgroup discovery: foundations and applications},
  author       = {Francisco Herrera and Crist{\'o}bal Jos{\'e} Carmona and Pedro Gonz{\'a}lez and Mar{\'i}a Jos{\'e} del Jes{\'u}s},
  year         = 2010,
  journal      = {Knowledge and Information Systems},
  volume       = 29,
  pages        = {495--525}
}
@incollection{herrera2016multilabel,
  title        = {Multilabel classification},
  author       = {Herrera, Francisco and Charte, Francisco and Rivera, Antonio J and Jesus, Mar{\'i}a J del},
  year         = 2016,
  booktitle    = {Multilabel Classification},
  publisher    = {Springer},
  pages        = {17--31}
}
@article{ho2002complexity,
  title        = {Complexity measures of supervised classification problems},
  author       = {Ho, Tin Kam and Basu, Mitra},
  year         = 2002,
  journal      = {IEEE Transactions on Pattern Analysis and Machine Intelligence},
  publisher    = {IEEE},
  volume       = 24,
  number       = 3,
  pages        = {289--300}
}
@article{hochreiter1997long,
  title        = {Long short-term memory},
  author       = {Hochreiter, Sepp and Schmidhuber, J{\"u}rgen},
  year         = 1997,
  journal      = {Neural Computation},
  publisher    = {MIT Press},
  volume       = 9,
  number       = 8,
  pages        = {1735--1780}
}
@article{INFFUS18-AutoencoderTutorial,
  title        = {A practical tutorial on autoencoders for nonlinear feature fusion: Taxonomy, models, software and guidelines},
  author       = {Charte, David and Charte, Francisco and García, Salvador and del Jesus, María José and Herrera, Francisco},
  year         = 2018,
  journal      = {Information Fusion},
  publisher    = {Elsevier},
  volume       = 44,
  pages        = {78--96},
  doi          = {10.1016/j.inffus.2017.12.007}
}
@article{interplay,
  title        = {Artificial intelligence within the interplay between natural and artificial computation: Advances in data science, trends and applications},
  author       = {Gorriz, Juan M. and Ramirez, Javier and Ortiz, Andres and Martinez-Murcia, Francisco J. and Segovia, Fermin and Suckling, John and Leming, Matthew and Zhang, Yu-Dong and Ramon Alvarez-Sanchez, Jose and Bologna, Guido and Bonomini, Paula and Casado, Fernando E. and Charte, David and Charte, Francisco and Contreras, Ricardo and Cuesta-Infante, Alfredo and Duro, Richard J. and Fernandez-Caballero, Antonio and Fernandez-Jover, Eduardo and Gomez-Vilda, Pedro and Grana, Manuel and Herrera, Francisco and Iglesias, Roberto and Lekova, Anna and de Lope, Javier and Lopez-Rubio, Ezequiel and Martinez-Tomas, Rafael and Molina-Cabello, Miguel A. and Montemayor, Antonio S. and Novais, Paulo and Palacios-Alonso, Daniel and Pantrigo, Juan J. and Payne, Bryson R. and de la Paz Lopez, Felix and Angelica Pinninghoff, Maria and Rincon, Mariano and Santos, Jose and Thurnhofer-Hemsi, Karl and Tsanas, Athanasios and Varela, Ramiro and Ferrandez, Jose M.},
  year         = 2020,
  month        = {Oct 14},
  journal      = {Neurocomputing},
  volume       = 410,
  pages        = {237--270},
  doi          = {10.1016/j.neucom.2020.05.078},
  issn         = {0925-2312},
  eissn        = {1872-8286},
  researcherid-numbers = {de Lope, Javier/AAN-6398-2021 rincón, mariano/N-2420-2014 Suckling, John/ABD-7246-2021 Palacios-Alonso, Daniel/ABG-1447-2020 Fernandez, Eduardo/S-8206-2016 Ramírez, Javier/B-1836-2012 Zhang, Yudong/I-7633-2013 de la Paz López, Félix/B-9958-2008 Álvarez-Sánchez, José Ramón/B-9463-2008 Pantrigo, Juan José/AAA-2290-2019 CUESTA-INFANTE, ALFREDO/L-3708-2014 Novais, Paulo/M-4053-2013 Martínez-Murcia, Francisco Jesús/E-6644-2013 Thurnhofer-Hemsi, Karl/Q-8845-2018 Charte, Francisco/F-2961-2011 Romay, Manuel M. Graña/L-1341-2014 Santos, Jose/H-8569-2014 Ferrandez, Jose Manuel/C-9378-2009 Segovia Roman, Fermin/M-3306-2014 Martinez-Tomas, Rafael/G-4403-2014},
  orcid-numbers = {de Lope, Javier/0000-0001-9779-6057 rincón, mariano/0000-0002-0138-4662 Suckling, John/0000-0002-5098-1527 Palacios-Alonso, Daniel/0000-0001-6063-4898 Fernandez, Eduardo/0000-0002-7052-6011 Ramírez, Javier/0000-0002-6229-2921 Zhang, Yudong/0000-0002-4870-1493 de la Paz López, Félix/0000-0002-1530-159X Álvarez-Sánchez, José Ramón/0000-0001-5659-6841 Pantrigo, Juan José/0000-0002-7175-3371 CUESTA-INFANTE, ALFREDO/0000-0002-3328-501X Novais, Paulo/0000-0002-3549-0754 Martínez-Murcia, Francisco Jesús/0000-0001-8146-7056 Thurnhofer-Hemsi, Karl/0000-0001-6519-1213 Charte, Francisco/0000-0002-3083-8942 Romay, Manuel M. Graña/0000-0001-7373-4097 Santos, Jose/0000-0002-4212-1367 Ferrandez, Jose Manuel/0000-0002-4613-6101 Lekova, Anna/0000-0002-9012-4714 gomez vilda, pedro/0000-0003-3283-378X Tsanas, Athanasios/0000-0002-0994-8100 Molina-Cabello, Miguel Angel/0000-0002-8929-6017 Casado, Fernando E./0000-0001-5071-8529 Segovia Roman, Fermin/0000-0003-1940-8834 Martinez-Tomas, Rafael/0000-0003-4706-7168},
  unique-id    = {Wos:000579799300022}
}
@article{Isomap,
  title        = {A global geometric framework for nonlinear dimensionality reduction},
  author       = {Tenenbaum, Joshua B and Silva, Vin de and Langford, John C},
  year         = 2000,
  journal      = {Science},
  publisher    = {American Association for the Advancement of Science},
  volume       = 290,
  number       = 5500,
  pages        = {2319--2323}
}
@article{JMLR:v20:18-598,
  title        = {Neural Architecture Search: A Survey},
  author       = {Thomas Elsken and Jan Hendrik Metzen and Frank Hutter},
  year         = 2019,
  journal      = {Journal of Machine Learning Research},
  volume       = 20,
  number       = 55,
  pages        = {1--21},
  url          = {http://jmlr.org/papers/v20/18-598.html}
}
@misc{keras,
  title        = {Keras API Documentation},
  author       = {Fran{\c c}ois Chollet and {contributors}},
  year         = 2022,
  howpublished = {https://keras.io/api/}
}
@article{kingma2014adam,
  title        = {Adam: A method for stochastic optimization},
  author       = {Kingma, Diederik P and Ba, Jimmy},
  year         = 2014,
  journal      = {arXiv preprint arXiv:1412.6980}
}
@inproceedings{kingma2014semi,
  title        = {Semi-supervised learning with deep generative models},
  author       = {Kingma, Diederik P and Mohamed, Shakir and Rezende, Danilo Jimenez and Welling, Max},
  year         = 2014,
  booktitle    = {Advances in Neural Information Processing Systems {(NeurIPS)}},
  pages        = {3581--3589}
}
@article{kober2013reinforcement,
  title        = {Reinforcement learning in robotics: A survey},
  author       = {Kober, Jens and Bagnell, J Andrew and Peters, Jan},
  year         = 2013,
  journal      = {The International Journal of Robotics Research},
  publisher    = {SAGE Publications Sage UK: London, England},
  volume       = 32,
  number       = 11,
  pages        = {1238--1274}
}
@article{lin2008riemannian,
  title        = {Riemannian manifold learning},
  author       = {Lin, Tong and Zha, Hongbin},
  year         = 2008,
  journal      = {IEEE Transactions on Pattern Analysis and Machine Intelligence},
  publisher    = {IEEE},
  volume       = 30,
  number       = 5,
  pages        = {796--809}
}
@inproceedings{lin2019towards,
  title        = {Towards optimal structured cnn pruning via generative adversarial learning},
  author       = {Lin, Shaohui and Ji, Rongrong and Yan, Chenqian and Zhang, Baochang and Cao, Liujuan and Ye, Qixiang and Huang, Feiyue and Doermann, David},
  year         = 2019,
  booktitle    = {Proceedings of the IEEE/CVF Conference on Computer Vision and Pattern Recognition (CVPR)},
  pages        = {2790--2799}
}
@inproceedings{liu2021swin,
  title        = {Swin transformer: Hierarchical vision transformer using shifted windows},
  author       = {Liu, Ze and Lin, Yutong and Cao, Yue and Hu, Han and Wei, Yixuan and Zhang, Zheng and Lin, Stephen and Guo, Baining},
  year         = 2021,
  booktitle    = {Proceedings of the IEEE/CVF International Conference on Computer Vision (ICCV)},
  pages        = {10012--10022}
}
@article{LLE,
  title        = {Nonlinear dimensionality reduction by locally linear embedding},
  author       = {Roweis, Sam T and Saul, Lawrence K},
  year         = 2000,
  journal      = {Science},
  publisher    = {American Association for the Advancement of Science},
  volume       = 290,
  number       = 5500,
  pages        = {2323--2326}
}
@article{luong2015effective,
  title        = {Effective approaches to attention-based neural machine translation},
  author       = {Luong, Minh-Thang and Pham, Hieu and Manning, Christopher D},
  year         = 2015,
  journal      = {arXiv preprint arXiv:1508.04025}
}
@article{ma2020machine,
  title        = {Machine learning and AI in marketing--Connecting computing power to human insights},
  author       = {Ma, Liye and Sun, Baohong},
  year         = 2020,
  journal      = {International Journal of Research in Marketing},
  publisher    = {Elsevier},
  volume       = 37,
  number       = 3,
  pages        = {481--504}
}
@article{mcculloch1943logical,
  title        = {A logical calculus of the ideas immanent in nervous activity},
  author       = {McCulloch, Warren S and Pitts, Walter},
  year         = 1943,
  journal      = {The Bulletin of Mathematical Biophysics},
  publisher    = {Springer},
  volume       = 5,
  number       = 4,
  pages        = {115--133}
}
@article{metallography,
  title        = {A tutorial on the segmentation of metallographic images: Taxonomy, new MetalDAM dataset, deep learning-based ensemble model, experimental analysis and challenges},
  author       = {Luengo, Julian and Moreno, Raul and Sevillano, Ivan and Charte, David and Pelaez-Vegas, Adrian and Fernandez-Moreno, Marta and Mesejo, Pablo and Herrera, Francisco},
  year         = 2022,
  month        = {Feb},
  journal      = {Information Fusion},
  volume       = 78,
  pages        = {232--253},
  doi          = {10.1016/j.inffus.2021.09.018},
  issn         = {1566-2535},
  earlyaccessdate = {Oct 2021},
  eissn        = {1872-6305},
  researcherid-numbers = {Luengo, Julian/D-1307-2017},
  orcid-numbers = {Luengo, Julian/0000-0003-3952-3629 Moreno Salinas, Raul/0000-0001-6964-2333 Pelaez Vegas, Adrian/0000-0001-7887-4267},
  unique-id    = {Wos:000710490300009}
}
@article{minaee2021image,
  title        = {Image segmentation using deep learning: A survey},
  author       = {Minaee, Shervin and Boykov, Yuri Y and Porikli, Fatih and Plaza, Antonio J and Kehtarnavaz, Nasser and Terzopoulos, Demetri},
  year         = 2021,
  journal      = {IEEE Transactions on Pattern Analysis and Machine Intelligence},
  publisher    = {IEEE}
}
@article{mldr,
  title        = {Working with Multilabel Datasets in R: The mldr Package},
  author       = {Charte, Francisco and Charte, David},
  year         = 2015,
  month        = {Dec},
  journal      = {R Journal},
  volume       = 7,
  number       = 2,
  pages        = {149--162},
  issn         = {2073-4859},
  researcherid-numbers = {Charte, Francisco/F-2961-2011 Charte, David/R-8178-2017 Luque, Francisco David Charte/AAB-5715-2020 Charte, David/W-5901-2018},
  orcid-numbers = {Charte, Francisco/0000-0002-3083-8942 Charte, David/0000-0002-4830-9512 Luque, Francisco David Charte/0000-0002-4830-9512 Charte, David/0000-0002-4830-9512},
  unique-id    = {Wos:000368551800012}
}
@book{mybook,
  title        = {Machine Learning y Ciencia de Datos con Python y R},
  author       = {Francisco Charte and David Charte},
  publisher    = {Krasis Press},
  isbn         = {978-84-945822-5-7}
}
@misc{mycroft,
  title        = {Mycroft Technologies Overview},
  author       = {{Mycroft.AI}},
  year         = 2021,
  howpublished = {\url{https://mycroft-ai.gitbook.io/docs/mycroft-technologies/overview}}
}
@misc{nvidiaa100,
  title        = {NVIDIA A100 Tensor Core GPU Architecture},
  author       = {{NVIDIA}},
  year         = 2020,
  note         = {Accessed: 2022-04-26},
  howpublished = {\url{https://images.nvidia.com/aem-dam/en-zz/Solutions/data-center/nvidia-ampere-architecture-whitepaper.pdf}}
}
@misc{opencl,
  title        = {OpenCL Resource Guide},
  author       = {{Khronos Group}},
  year         = 2022,
  howpublished = {\url{https://www.khronos.org/api/opencl/resources}}
}
@book{PCABook,
  author       = {Jolliffe, Ian T},
  year         = 1986,
  title    = {Principal component analysis},
  publisher    = {Springer},
  doi          = {10.1007/978-1-4757-1904-8},
  isbn         = {978-1-4757-1904-8}
}
@inproceedings{prabhavalkar2017comparison,
  title        = {A Comparison of Sequence-to-Sequence Models for Speech Recognition.},
  author       = {Prabhavalkar, Rohit and Rao, Kanishka and Sainath, Tara N and Li, Bo and Johnson, Leif and Jaitly, Navdeep},
  year         = 2017,
  booktitle    = {Interspeech},
  pages        = {939--943}
}
@article{pulgar2020choosing,
  title        = {Choosing the proper autoencoder for feature fusion based on data complexity and classifiers: Analysis, tips and guidelines},
  author       = {Pulgar, Francisco J and Charte, Francisco and Rivera, Antonio J and del Jesus, Maria J},
  year         = 2020,
  journal      = {Information Fusion},
  publisher    = {Elsevier},
  volume       = 54,
  pages        = {44--60}
}
@article{rosenblatt1958perceptron,
  title        = {The perceptron: a probabilistic model for information storage and organization in the brain.},
  author       = {Rosenblatt, Frank},
  year         = 1958,
  journal      = {Psychological Review},
  publisher    = {American Psychological Association},
  volume       = 65,
  number       = 6,
  pages        = 386
}
@inproceedings{sakurada2014anomaly,
  title        = {Anomaly detection using autoencoders with nonlinear dimensionality reduction},
  author       = {Sakurada, Mayu and Yairi, Takehisa},
  year         = 2014,
  booktitle    = {Proceedings of the 2nd Workshop on Machine Learning for Sensory Data Analysis (MLSDA 2014)},
  pages        = {4--11}
}
@article{SHU19991,
  title        = {A neural network-based intelligent metasearch engine},
  author       = {Bo Shu and Subhash Kak},
  year         = 1999,
  journal      = {Information Sciences},
  volume       = 120,
  number       = 1,
  pages        = {1--11},
  doi          = {https://doi.org/10.1016/S0020-0255(99)00062-6},
  issn         = {0020-0255},
  url          = {https://www.sciencedirect.com/science/article/pii/S0020025599000626}
}
@article{silver2016mastering,
  title        = {Mastering the game of Go with deep neural networks and tree search},
  author       = {Silver, David and Huang, Aja and Maddison, Chris J and Guez, Arthur and Sifre, Laurent and Van Den Driessche, George and Schrittwieser, Julian and Antonoglou, Ioannis and Panneershelvam, Veda and Lanctot, Marc and others},
  year         = 2016,
  journal      = {Nature},
  publisher    = {Nature Publishing Group},
  volume       = 529,
  number       = 7587,
  pages        = {484--489}
}
@article{sun2013survey,
  title        = {A survey of multi-view machine learning},
  author       = {Sun, Shiliang},
  year         = 2013,
  journal      = {Neural Computing and Applications},
  publisher    = {Springer},
  volume       = 23,
  number       = 7,
  pages        = {2031--2038}
}
@article{vanEngelen2019ASO,
  title        = {A survey on semi-supervised learning},
  author       = {Jesper E. van Engelen and Holger H. Hoos},
  year         = 2019,
  journal      = {Machine Learning},
  volume       = 109,
  pages        = {373--440}
}
@article{vaswani2017attention,
  title        = {Attention is all you need},
  author       = {Vaswani, Ashish and Shazeer, Noam and Parmar, Niki and Uszkoreit, Jakob and Jones, Llion and Gomez, Aidan N and Kaiser, {\L}ukasz and Polosukhin, Illia},
  year         = 2017,
  journal      = {Advances in Neural Information Processing Systems {(NeurIPS)}},
  volume       = 30
}
@article{vinyals2019grandmaster,
  title        = {Grandmaster level in StarCraft II using multi-agent reinforcement learning},
  author       = {Vinyals, Oriol and Babuschkin, Igor and Czarnecki, Wojciech M and Mathieu, Micha{\"e}l and Dudzik, Andrew and Chung, Junyoung and Choi, David H and Powell, Richard and Ewalds, Timo and Georgiev, Petko and others},
  year         = 2019,
  journal      = {Nature},
  publisher    = {Nature Publishing Group},
  volume       = 575,
  number       = 7782,
  pages        = {350--354}
}
@article{wang2020deep,
  title        = {Deep learning for image super-resolution: A survey},
  author       = {Wang, Zhihao and Chen, Jian and Hoi, Steven CH},
  year         = 2020,
  journal      = {IEEE Transactions on Pattern Analysis and Machine Intelligence},
  publisher    = {IEEE},
  volume       = 43,
  number       = 10,
  pages        = {3365--3387}
}
@book{wickham2016r,
  title        = {R for data science: import, tidy, transform, visualize, and model data},
  author       = {Wickham, Hadley and Grolemund, Garrett},
  year         = 2016,
  publisher    = {" O'Reilly Media, Inc."}
}
@article{willemink2020preparing,
  title        = {Preparing medical imaging data for machine learning},
  author       = {Willemink, Martin J and Koszek, Wojciech A and Hardell, Cailin and Wu, Jie and Fleischmann, Dominik and Harvey, Hugh and Folio, Les R and Summers, Ronald M and Rubin, Daniel L and Lungren, Matthew P},
  year         = 2020,
  journal      = {Radiology},
  publisher    = {Radiological Society of North America},
  volume       = 295,
  number       = 1,
  pages        = {4--15}
}
@article{zeiler2012adadelta,
  title        = {Adadelta: an adaptive learning rate method},
  author       = {Zeiler, Matthew D},
  year         = 2012,
  journal      = {arXiv preprint arXiv:1212.5701}
}
@inproceedings{zhou1988computation,
  title        = {Computation of optical flow using a neural network.},
  author       = {Zhou, Yi-Tong and Chellappa, Rama},
  year         = 1988,
  booktitle    = {IEEE 1988 International Conference on Neural Networks}, 
  pages        = {71--78},
  doi          = {10.1109/ICNN.1988.23914}
}
@article{zhou2012multi,
  title        = {Multi-instance multi-label learning},
  author       = {Zhou, Zhi-Hua and Zhang, Min-Ling and Huang, Sheng-Jun and Li, Yu-Feng},
  year         = 2012,
  journal      = {Artificial Intelligence},
  publisher    = {Elsevier},
  volume       = 176,
  number       = 1,
  pages        = {2291--2320}
}
@article{zhu2020global,
  title        = {Global and local multi-view multi-label learning},
  author       = {Zhu, Changming and Miao, Duoqian and Wang, Zhe and Zhou, Rigui and Wei, Lai and Zhang, Xiafen},
  year         = 2020,
  journal      = {Neurocomputing},
  publisher    = {Elsevier},
  volume       = 371,
  pages        = {67--77}
}
