@article{INFFUS18-AutoencoderTutorial,
  title={A practical tutorial on autoencoders for nonlinear feature fusion: Taxonomy, models, software and guidelines},
  author={Charte, David and Charte, Francisco and García, Salvador and del Jesus, María José and Herrera, Francisco},
  journal={Information Fusion},
  volume={44},
  pages={78--96},
  year={2018},
  publisher={Elsevier}
}

@article{test,
  author          = {aaa},
  title           = {eee},
  journal         = {iii},
  volume          = {1},
  number          = {2},
  year            = {3}
}
@book{deisenroth2020mathematics,
  title={Mathematics for machine learning},
  author={Deisenroth, Marc Peter and Faisal, A Aldo and Ong, Cheng Soon},
  year={2020},
  publisher={Cambridge University Press}
}
