@article{sotoca2005review,
  title={A review of data complexity measures and their applicability to pattern classification problems},
  author={Sotoca, Jos{\'e} M and S{\'a}nchez, JS and Mollineda, Ram{\'o}n A},
  journal={Actas del III Taller Nacional de Mineria de Datos y Aprendizaje. TAMIDA},
  pages={77--83},
  year={2005}
}
@inproceedings{hoicpr2000,
  title={Measuring the complexity of classification problems},
  author={Ho, Tin Kam and Basu, Mitra},
  booktitle={Proceedings 15th International Conference on Pattern Recognition. ICPR-2000},
  volume={2},
  pages={43--47},
  year={2000},
  organization={IEEE}
}
@article{ho2000measuring,
  title={Complexity measures of supervised classification problems},
  author={Ho, Tin Kam and Basu, Mitra},
  journal={IEEE transactions on pattern analysis and machine intelligence},
  volume={24},
  number={3},
  pages={289--300},
  year={2002},
  publisher={IEEE}
}
@book{basubook,
  title={Data complexity in pattern recognition},
  author={Basu, Mitra and Ho, Tin Kam},
  year={2006},
  publisher={Springer Science \& Business Media}
}
@article{basu2006data,
  title={Complexity measures of supervised classification problems},
  author={Ho, Tin Kam and Basu, Mitra},
  journal={IEEE transactions on pattern analysis and machine intelligence},
  volume={24},
  number={3},
  pages={289--300},
  year={2002},
  publisher={IEEE}
}

@article{luengo2011addressing,
  title={Addressing data complexity for imbalanced data sets: analysis of SMOTE-based oversampling and evolutionary undersampling},
  author={Luengo, Juli{\'a}n and Fern{\'a}ndez, Alberto and Garc{\'i}a, Salvador and Herrera, Francisco},
  journal={Soft Computing},
  volume={15},
  number={10},
  pages={1909--1936},
  year={2011},
  publisher={Springer}
}
@article{suarez2018tutorial,
  title={A tutorial on distance metric learning: Mathematical foundations, algorithms and software},
  author={Su{\'a}rez, Juan Luis and Garc{\'i}a, Salvador and Herrera, Francisco},
  journal={arXiv preprint arXiv:1812.05944},
  year={2018}
}

@article{charte-tutorial,
  title={A practical tutorial on autoencoders for nonlinear feature fusion: Taxonomy, models, software and guidelines},
  author={Charte, David and Charte, Francisco and Garc{\'i}a, Salvador and del Jesus, Mar{\'i}a J and Herrera, Francisco},
  journal={Information Fusion},
  volume={44},
  pages={78--96},
  year={2018},
  publisher={Elsevier},
  doi={10.1016/j.inffus.2017.12.007}
}
@inproceedings{bengio2012deep,
  title={Deep learning of representations for unsupervised and transfer learning},
  author={Bengio, Yoshua},
  booktitle={Proceedings of ICML workshop on unsupervised and transfer learning},
  pages={17--36},
  year={2012}
}
@inproceedings{johnson2016perceptual,
  title={Perceptual losses for real-time style transfer and super-resolution},
  author={Johnson, Justin and Alahi, Alexandre and Fei-Fei, Li},
  booktitle={European conference on computer vision},
  pages={694--711},
  year={2016},
  organization={Springer}
}

@article{robbins1951stochastic, 
  title={A stochastic approximation method},
  author={Robbins, Herbert and Monro, Sutton},
  journal={The annals of mathematical statistics},
  pages={400--407},
  year={1951},
  publisher={JSTOR},
  doi={10.1007/978-1-4612-5110-1\_9}
} %sgd

@inproceedings{adam,
  title={Adam: A method for stochastic optimization},
  author={Kingma, Diederik and Ba, Jimmy},
  booktitle={International Conference on Learning Representations},
  year={2015}
}

@article{backprop,
  title={Learning representations by back-propagating errors},
  author={Rumelhart, David E and Hinton, Geoffrey E and Williams, Ronald J},
  journal={Nature},
  volume={323},
  number={6088},
  pages={533--538},
  year={1986},
  doi={10.1038/323533a0}
}
@article{CHARTE202093,
title = "An analysis on the use of autoencoders for representation learning: Fundamentals, learning task case studies, explainability and challenges",
journal = "Neurocomputing",
volume = "404",
pages = "93 - 107",
year = "2020",
issn = "0925-2312",
doi = "https://doi.org/10.1016/j.neucom.2020.04.057",
author = "David Charte and Francisco Charte and Mar√≠a J. {del Jesus} and Francisco Herrera",}

@article{ng2011sparse,
  title={Sparse autoencoder},
  author={Ng, Andrew},
  journal={CS294A Lecture notes},
  volume={72},
  number={2011},
  pages={1--19},
  year={2011}
}
@article{lorena2019complex,
  title={How complex is your classification problem? a survey on measuring classification complexity},
  author={Lorena, Ana C and Garcia, Lu{\'i}s PF and Lehmann, Jens and Souto, Marcilio CP and Ho, Tin Kam},
  journal={ACM Computing Surveys (CSUR)},
  volume={52},
  number={5},
  pages={1--34},
  year={2019},
  publisher={ACM New York, NY, USA}
}
@article{smith1968pattern,
  title={Pattern classifier design by linear programming},
  author={Smith, Fred W},
  journal={IEEE transactions on computers},
  volume={100},
  number={4},
  pages={367--372},
  year={1968},
  publisher={IEEE}
}
@article{zhang2013divergence,
title = {Divergence-based feature selection for separate classes},
journal = {Neurocomputing},
volume = {101},
pages = {32-42},
year = {2013},
issn = {0925-2312},
doi = {https://doi.org/10.1016/j.neucom.2012.06.036},
author = {Yishi Zhang and Shujuan Li and Teng Wang and Zigang Zhang},
}
@book{garcia2015data,
  title={Data preprocessing in data mining},
  author={Garc{\'i}a, Salvador and Luengo, Juli{\'a}n and Herrera, Francisco},
  volume={72},
  year={2015},
  publisher={Springer}
}
@book{quinlan,
author = {Quinlan, J. Ross},
title = {C4.5: Programs for Machine Learning},
year = {1993},
isbn = {1558602380},
publisher = {Morgan Kaufmann Publishers},
address = {San Francisco, CA, USA}
}

  


@techreport{DimRecComparative,
  title={Dimensionality reduction: a comparative review},
  author={Van Der Maaten, Laurens and Postma, Eric and Van den Herik, Jaap},
  journal={J Mach Learn Res},
  publisher={Tilburg University},
  volume={2009-005},
  year={2009}
}
@article{PCA, title={{LIII}. {On} lines and planes of closest fit to systems of points in space}, volume={2}, ISSN={1941-5990}, DOI={10.1080/14786440109462720}, number={11}, journal={Philosophical Magazine Series 6}, publisher={Informa UK Limited}, author={Pearson, Karl}, year={1901}, month={Nov}, pages={559--572}}

@incollection{PCABook,
  title={Introduction},
  author={Jolliffe, Ian T},
  booktitle={Principal component analysis},
  pages={1--7},
  year={1986},
  doi="10.1007/978-1-4757-1904-8",
  isbn="978-1-4757-1904-8",
  publisher={Springer}
}
@incollection{PCAandFA,
  title={Principal Component Analysis and Factor Analysis},
  author={Jolliffe, Ian T},
  booktitle={Principal component analysis},
  pages={115--128},
  year={1986},
  doi="10.1007/978-1-4757-1904-8",
  isbn="978-1-4757-1904-8",
  publisher={Springer}
}
@article{hinton_reducing_2006,
	title = {Reducing the Dimensionality of Data with Neural Networks},
	volume = {313},
	issn = {0036-8075, 1095-9203},
	url = {http://www.sciencemag.org/cgi/doi/10.1126/science.1127647},
	doi = {10.1126/science.1127647},
	pages = {504--507},
	number = {5786},
	journal = {Science},
	author = {Hinton, G. E.},
	urldate = {2017-08-26},
	date = {2006-07-28},
	year = {2006},
	langid = {english},
}
@inproceedings{aggarwal2001surprising,
  title={On the surprising behavior of distance metrics in high dimensional space},
  author={Aggarwal, Charu C and Hinneburg, Alexander and Keim, Daniel A},
  booktitle={International conference on database theory},
  pages={420--434},
  year={2001},
  organization={Springer}
}

@article{LLE,
  title={Nonlinear dimensionality reduction by locally linear embedding},
  author={Roweis, Sam T and Saul, Lawrence K},
  journal={science},
  doi={10.1126/science.290.5500.2323},
  volume={290},
  number={5500},
  pages={2323--2326},
  year={2000},
  publisher={American Association for the Advancement of Science}
}

@article{Isomap,
  title={A global geometric framework for nonlinear dimensionality reduction},
  author={Tenenbaum, Joshua B and De Silva, Vin and Langford, John C},
  journal={science},
  doi={10.1126/science.290.5500.2319},
  volume={290},
  number={5500},
  pages={2319--2323},
  year={2000},
  publisher={American Association for the Advancement of Science}
}


@article{LDA,
  title={The statistical utilization of multiple measurements},
  author={Fisher, Ronald A},
  journal={Annals of Human Genetics},
  volume={8},
  number={4},
  pages={376--386},
  year={1938},
  publisher={Wiley Online Library},
  doi={10.1111/j.1469-1809.1938.tb02189.x}
}

@inproceedings{AEs,
author = {Ballard, Dana H.},
 title = {Modular Learning in Neural Networks},
 booktitle = {Proceedings of the Sixth National Conference on Artificial Intelligence - Volume 1},
 series = {AAAI'87},
 year = {1987},
 isbn = {0-934613-42-7},
 location = {Seattle, Washington},
 pages = {279--284},
 numpages = {6},
 publisher = {AAAI Press},
}
@article{van2008visualizing,
  title={Visualizing data using t-SNE.},
  author={Van der Maaten, Laurens and Hinton, Geoffrey},
  journal={Journal of machine learning research},
  volume={9},
  number={11},
  year={2008}
}

@article{globerson2005metric,
  title={Metric learning by collapsing classes},
  author={Globerson, Amir and Roweis, Sam},
  journal={Advances in neural information processing systems},
  volume={18},
  pages={451--458},
  year={2005},
  publisher={Citeseer}
}
@ARTICLE{NCMC,
  author={T. {Mensink} and J. {Verbeek} and F. {Perronnin} and G. {Csurka}},
  journal={IEEE Transactions on Pattern Analysis and Machine Intelligence}, 
  title={Distance-Based Image Classification: Generalizing to New Classes at Near-Zero Cost}, 
  year={2013},
  volume={35},
  number={11},
  pages={2624-2637},
  doi={10.1109/TPAMI.2013.83}}
@article{goldberger2004neighbourhood,
  title={Neighbourhood components analysis},
  author={Goldberger, Jacob and Hinton, Geoffrey E and Roweis, Sam and Salakhutdinov, Russ R},
  journal={Advances in neural information processing systems},
  volume={17},
  pages={513--520},
  year={2004},
  publisher={Citeseer}
}
@article{weinberger2009distance,
  title={Distance metric learning for large margin nearest neighbor classification.},
  author={Weinberger, Kilian Q and Saul, Lawrence K},
  journal={Journal of machine learning research},
  volume={10},
  number={2},
  year={2009}
}


@book{weiss1991computer,
  title={Computer systems that learn: classification and prediction methods from statistics, neural nets, machine learning, and expert systems},
  author={Weiss, Sholom M and Kulikowski, Casimir A},
  year={1991},
  publisher={Morgan Kaufmann Publishers}
}

@article{OpenML2013,
author = {Vanschoren, Joaquin and van Rijn, Jan N. and Bischl, Bernd and Torgo, Luis},
title = {OpenML: Networked Science in Machine Learning},
journal = {SIGKDD Explorations},
volume = {15},
number = {2},
year = {2013},
pages = {49--60},
doi = {10.1145/2641190.2641198},
publisher = {ACM},
address = {New York, NY, USA},
} 
@article{triguero2017keel,
  title={KEEL 3.0: an open source software for multi-stage analysis in data mining},
  author={Triguero, Isaac and Gonz{\'a}lez, Sergio and Moyano, Jose M and Garc{\'i}a, Salvador and Alcal{\'a}-Fdez, Jes{\'u}s and Luengo, Juli{\'a}n and Fern{\'a}ndez, Alberto and del Jes{\'u}s, Maria Jos{\'e} and S{\'a}nchez, Luciano and Herrera, Francisco},
  journal={International Journal of Computational Intelligence Systems},
  volume={10},
  number={1},
  pages={1238--1249},
  year={2017},
  publisher={Atlantis Press}
}
@misc{Dua:2019 ,
author = "Dua, Dheeru and Graff, Casey",
year = "2017",
title = "{UCI} Machine Learning Repository",
url = "http://archive.ics.uci.edu/ml",
institution = "University of California, Irvine, School of Information and Computer Sciences" }

@inproceedings{guyon2004result,
  title={Result Analysis of the NIPS 2003 Feature Selection Challenge.},
  author={Guyon, Isabelle and Gunn, Steve R and Ben-Hur, Asa and Dror, Gideon},
  booktitle={NeurIPS},
  volume={4},
  pages={545--552},
  year={2004}
}

@article{quinlan1999simplifying,
  title={Simplifying decision trees},
  author={Quinlan, J Ross},
  journal={International Journal of Human-Computer Studies},
  volume={51},
  number={2},
  pages={497--510},
  year={1999},
  publisher={Elsevier}
}
@inproceedings{Guyon:AutoML:2015,
author = {I. Guyon and K. Bennett and G. Cawley and H. J. Escalante and S. Escalera and T. Kam Ho and N. Maci\`{a} and B. Ray and M. Saeed and A. Statnikov and E.  Viegas},
title = {{AutoML} Challenge 2015: Design and first results},
booktitle =  {Proc. of AutoML 2015@ICML},
year = {2015},
aurl = {https://drive.google.com/file/d/0BzRGLkqgrI-qWkpzcGw4bFpBMUk/view}
}
@inproceedings{anguita2013public,
  title={A public domain dataset for human activity recognition using smartphones.},
  author={Anguita, Davide and Ghio, Alessandro and Oneto, Luca and Parra, Xavier and Reyes-Ortiz, Jorge Luis},
  booktitle={Esann},
  volume={3},
  pages={3},
  year={2013}
}
@article{boutell2004learning,
  title={Learning multi-label scene classification},
  author={Boutell, Matthew R and Luo, Jiebo and Shen, Xipeng and Brown, Christopher M},
  journal={Pattern recognition},
  volume={37},
  number={9},
  pages={1757--1771},
  year={2004},
  publisher={Elsevier}
}
@article{gorman1988analysis,
  title={Analysis of hidden units in a layered network trained to classify sonar targets},
  author={Gorman, R Paul and Sejnowski, Terrence J},
  journal={Neural networks},
  volume={1},
  number={1},
  pages={75--89},
  year={1988},
  publisher={Elsevier}
}
@article{goldstein2016comparative,
  title={A comparative evaluation of unsupervised anomaly detection algorithms for multivariate data},
  author={Goldstein, Markus and Uchida, Seiichi},
  journal={PloS one},
  volume={11},
  number={4},
  pages={e0152173},
  year={2016},
  publisher={Public Library of Science San Francisco, CA USA}
}
@article{jain2000statistical,
  title={Statistical pattern recognition: A review},
  author={Jain, Anil K and Duin, Robert P. W. and Mao, Jianchang},
  journal={IEEE Transactions on pattern analysis and machine intelligence},
  volume={22},
  number={1},
  pages={4--37},
  year={2000},
  publisher={Ieee}
}
@article{fanty1990spoken,
  title={Spoken letter recognition},
  author={Fanty, Mark and Cole, Ronald},
  journal={Advances in neural information processing systems},
  volume={3},
  pages={220--226},
  year={1990}
}
@article{sigillito1989classification,
  title={Classification of radar returns from the ionosphere using neural networks},
  author={Sigillito, Vincent G and Wing, Simon P and Hutton, Larrie V and Baker, Kile B},
  journal={Johns Hopkins APL Technical Digest},
  volume={10},
  number={3},
  pages={262--266},
  year={1989}
}
@misc { PURR1947,
	title = {220 Band AVIRIS Hyperspectral Image Data Set: June 12, 1992 Indian Pine Test Site 3},
	month = {Sep},
	url = {https://purr.purdue.edu/publications/1947/1},
	year = {2015},
	doi = {10.4231/R7RX991C},
	author = {Marion F. Baumgardner  and Larry L. Biehl  and David A. Landgrebe}
}

@article{xiong2006enhancing,
  title={Enhancing data analysis with noise removal},
  author={Xiong, Hui and Pandey, Gaurav and Steinbach, Michael and Kumar, Vipin},
  journal={IEEE Transactions on Knowledge and Data Engineering},
  volume={18},
  number={3},
  pages={304--319},
  year={2006},
  publisher={IEEE}
}
@inproceedings{aggarwal2015outlier,
  title={Outlier analysis},
  author={Aggarwal, Charu C},
  booktitle={Data mining},
  pages={237--263},
  year={2015},
  organization={Springer}
}
@article{AYESHA202044,
title = {Overview and comparative study of dimensionality reduction techniques for high dimensional data},
journal = {Information Fusion},
volume = {59},
pages = {44-58},
year = {2020},
issn = {1566-2535},
doi = {https://doi.org/10.1016/j.inffus.2020.01.005},
author = {Shaeela Ayesha and Muhammad Kashif Hanif and Ramzan Talib},
}
@article{Dada2019MachineLF,
  title={Machine learning for email spam filtering: review, approaches and open research problems},
  author={E. Dada and J. Bassi and Haruna Chiroma and S. Abdulhamid and A. O. Adetunmbi and Opeyemi Emmanuel Ajibuwa},
  journal={Heliyon},
  year={2019},
  volume={5}
}
@inproceedings{Yang1999ARO,
  title={A re-examination of text categorization methods},
  author={Yiming Yang and Xin Liu},
  booktitle={SIGIR '99},
  year={1999}
}
@article{Russakovsky2015ImageNetLS,
  title={ImageNet Large Scale Visual Recognition Challenge},
  author={Olga Russakovsky and J. Deng and H. Su and J. Krause and S. Satheesh and S. Ma and Zhiheng Huang and A. Karpathy and A. Khosla and Michael S. Bernstein and A. Berg and Li Fei-Fei},
  journal={International Journal of Computer Vision},
  year={2015},
  volume={115},
  pages={211-252}
}
@article{deo2015machine,
  title={Machine learning in medicine},
  author={Deo, Rahul C},
  journal={Circulation},
  volume={132},
  number={20},
  pages={1920--1930},
  year={2015},
  publisher={Am Heart Assoc}
}
@incollection{weiss1995learning,
  title={Learning with rare cases and small disjuncts},
  author={Weiss, Gary M},
  booktitle={Machine Learning Proceedings 1995},
  pages={558--565},
  year={1995},
  publisher={Elsevier}
}
@article{bengio2013representation,
  title={Representation learning: A review and new perspectives},
  author={Bengio, Yoshua and Courville, Aaron and Vincent, Pascal},
  journal={IEEE transactions on pattern analysis and machine intelligence},
  volume={35},
  number={8},
  pages={1798--1828},
  year={2013},
  publisher={IEEE}
}
@article{suykens1999least,
  title={Least squares support vector machine classifiers},
  author={Suykens, Johan AK and Vandewalle, Joos},
  journal={Neural processing letters},
  volume={9},
  number={3},
  pages={293--300},
  year={1999},
  publisher={Springer}
}

@article{MDS,
  title={Multidimensional scaling: I. Theory and method},
  author={Torgerson, Warren S},
  journal={Psychometrika},
  volume={17},
  number={4},
  pages={401--419},
  year={1952},
  publisher={Springer},
  doi={10.1007/BF02288916}
}
@book{borg2005modern,
  title={Modern multidimensional scaling: Theory and applications},
  author={Borg, Ingwer and Groenen, Patrick JF},
  year={2005},
  publisher={Springer Science \& Business Media}
}


@article{charte2019ruta,
  title={Ruta: Implementations of neural autoencoders in R},
  author={Charte, David and Herrera, Francisco and Charte, Francisco},
  journal={Knowledge-Based Systems},
  volume={174},
  pages={4--8},
  year={2019},
  publisher={Elsevier}
}

  @Article{dimred,
    author = {Guido Kraemer and Markus Reichstein and Miguel Mahecha D.},
    title = {{dimRed} and {coRanking}. Unifying Dimensionality Reduction in R},
    year = {2018},
    journal = {The R Journal},
    pages = {342--358},
    volume = {10},
    number = {1},
    note = {coRanking version 0.2.3},
  }

  @Manual{cccd,
    title = {cccd: Class Cover Catch Digraphs},
    author = {David J. Marchette},
    year = {2015},
    note = {R package version 1.5},
    url = {https://CRAN.R-project.org/package=cccd},
  }
  @Manual{ggridges,
    title = {ggridges: Ridgeline Plots in 'ggplot2'},
    author = {Claus O. Wilke},
    year = {2021},
    note = {R package version 0.5.3},
    url = {https://CRAN.R-project.org/package=ggridges},
  }
  @Article{scmamp,
    title = {scmamp: Statistical Comparison of Multiple Algorithms in Multiple Problems},
    author = {Borja Calvo and Guzman Santafe},
    year = {2015},
    journal = {The R Journal},
    volume = {8},
    number = {1},
    pages = {248--256},
  }
  @article{garcia2010advanced,
  title={Advanced nonparametric tests for multiple comparisons in the design of experiments in computational intelligence and data mining: Experimental analysis of power},
  author={Garc{\'i}a, Salvador and Fern{\'a}ndez, Alberto and Luengo, Juli{\'a}n and Herrera, Francisco},
  journal={Information sciences},
  volume={180},
  number={10},
  pages={2044--2064},
  year={2010},
  publisher={Elsevier}
}
@book{steinwart2008support,
  title={Support vector machines},
  author={Steinwart, Ingo and Christmann, Andreas},
  year={2008},
  publisher={Springer Science \& Business Media}
}
@article{wang2008feature,
  title={Feature selection with kernel class separability},
  author={Wang, Lei},
  journal={IEEE Transactions on Pattern Analysis and Machine Intelligence},
  volume={30},
  number={9},
  pages={1534--1546},
  year={2008},
  publisher={IEEE}
}
@article{li2006efficient,
  title={Efficient and robust feature extraction by maximum margin criterion},
  author={Li, Haifeng and Jiang, Tao and Zhang, Keshu},
  journal={IEEE transactions on neural networks},
  volume={17},
  number={1},
  pages={157--165},
  year={2006},
  publisher={IEEE}
}

@inproceedings{rifai_contractive_2011,
	title = {Contractive auto-encoders: Explicit invariance during feature extraction},
	shorttitle = {Contractive auto-encoders},
	pages = {833--840},
	booktitle = {Proceedings of the 28th international conference on machine learning ({ICML}-11)},
	author = {Rifai, Salah and Vincent, Pascal and Muller, Xavier and Glorot, Xavier and Bengio, Yoshua},
	urldate = {2017-08-28},
	year = {2011},
	keywords = {autoencoders, contractive},
	file = {Contractive Auto-Encoders.pdf:/home/fdavidcl/Zotero/storage/XZPM7RM7/Contractive Auto-Encoders.pdf:application/pdf}
}
@article{VariationalAE,
	title = {Auto-encoding variational bayes},
	journal = {{arXiv} preprint {arXiv}:1312.6114},
	author = {Kingma, Diederik P. and Welling, Max},
	urldate = {2017-08-28},
	year = {2013},
}

@article{vincent_stacked_2010,
	title = {Stacked denoising autoencoders: Learning useful representations in a deep network with a local denoising criterion},
	volume = {11},
	shorttitle = {Stacked denoising autoencoders},
	pages = {3371--3408},
	issue = {Dec},
	journal = {Journal of Machine Learning Research},
	author = {Vincent, Pascal and Larochelle, Hugo and Lajoie, Isabelle and Bengio, Yoshua and Manzagol, Pierre-Antoine},
	urldate = {2017-08-26},
	year = {2010},
}

@article{pcccd,
	title = {Classification of {Imbalanced} {Data} with a {Geometric} {Digraph} {Family}},
	journal = {Journal of Machine Learning Research},
	author = {Manukyan, Art√ºr and Ceyhan, Elvan},
	year = {2016},
}
@article{pascual2020revisiting,
  title={Revisiting Data Complexity Metrics Based on Morphology for Overlap and Imbalance: Snapshot, New Overlap Number of Balls Metrics and Singular Problems Prospect},
  author={Pascual-Triana, Jos{\'e} Daniel and Charte, David and Arroyo, Marta Andr{\'e}s and Fern{\'a}ndez, Alberto and Herrera, Francisco},
  journal={Knowledge and Information Systems},
  year={2021 (forthcoming)},
}
@inproceedings{kingma2014semi,
  title={Semi-supervised learning with deep generative models},
  author={Kingma, Diederik P and Mohamed, Shakir and Rezende, Danilo Jimenez and Welling, Max},
  booktitle={Advances in neural information processing systems},
  pages={3581--3589},
  year={2014}
}
@online{bioresponse,
author={{Kaggle Team}},
title={Predicting a Biological Response},
url={https://www.kaggle.com/c/bioresponse},
year={2012},
urldate={2021-06-31}
}