@article{domingos-useful,
 author = {Domingos, Pedro},
 title = {A Few Useful Things to Know About Machine Learning},
 journal = {Communnications of the ACM},
 issue_date = {October 2012},
 volume = {55},
 number = {10},
 month = oct,
 year = {2012},
 issn = {0001-0782},
 pages = {78--87},
 numpages = {10},
 url = {http://doi.acm.org/10.1145/2347736.2347755},
 doi = {10.1145/2347736.2347755},
 acmid = {2347755},
 publisher = {ACM},
 address = {New York, NY, USA},
} 

@ARTICLE{bengio-representation,
author={Y. {Bengio} and A. {Courville} and P. {Vincent}},
journal={IEEE Transactions on Pattern Analysis and Machine Intelligence},
title={Representation Learning: A Review and New Perspectives},
year={2013},
volume={35},
number={8},
pages={1798-1828},
doi={10.1109/TPAMI.2013.50},
ISSN={0162-8828},
month={Aug},}

@article{lecun-dl,
  title={Deep learning},
  author={LeCun, Yann and Bengio, Yoshua and Hinton, Geoffrey},
  journal={Nature},
  volume={521},
  number={7553},
  pages={436},
  year={2015},
  publisher={Nature Publishing Group},
  doi={10.1038/nature14539}
}
@article{rumelhart1988learning,
  title={Learning representations by back-propagating errors},
  author={Rumelhart, David E and Hinton, Geoffrey E and Williams, Ronald J and others},
  journal={Cognitive modeling},
  volume={5},
  number={3},
  pages={1},
  year={1988},
  doi={10.1038/323533a0}
}

@inproceedings{bengio2012deep,
  title={Deep learning of representations for unsupervised and transfer learning},
  author={Bengio, Yoshua},
  booktitle={Proceedings of ICML workshop on unsupervised and transfer learning},
  pages={17--36},
  year={2012}
}

@inproceedings{sakurada,
  title={Anomaly detection using autoencoders with nonlinear dimensionality reduction},
  author={Sakurada, Mayu and Yairi, Takehisa},
  booktitle={Proceedings of the MLSDA 2014 2nd Workshop on Machine Learning for Sensory Data Analysis},
  isbn = {978-1-4503-3159-3},
  doi = {10.1145/2689746.2689747},
  pages = {4--11},
  year={2014},
  organization={ACM}
}
@article{salakhutdinov,
  title={Semantic hashing},
  author={Salakhutdinov, Ruslan and Hinton, Geoffrey},
  journal={International Journal of Approximate Reasoning},
  volume={50},
  number={7},
  pages={969--978},
  year={2009},
  publisher={Elsevier},
  doi={10.1016/j.ijar.2008.11.006}
}
@article{charte-tutorial,
  title={A practical tutorial on autoencoders for nonlinear feature fusion: Taxonomy, models, software and guidelines},
  author={Charte, David and Charte, Francisco and Garc{\'i}a, Salvador and del Jesus, Mar{\'i}a J and Herrera, Francisco},
  journal={Information Fusion},
  volume={44},
  pages={78--96},
  year={2018},
  publisher={Elsevier},
  doi={10.1016/j.inffus.2017.12.007}
}
@article{charte-ruta,
  title={Ruta: implementations of neural autoencoders in R},
  author={Charte, David and Herrera, Francisco and Charte, Francisco},
  journal={Knowledge-Based Systems},
  volume={In press},
  publisher={Elsevier}
}
@article{park,
  title={Anomaly Detection for HTTP Using Convolutional Autoencoders},
  author={Park, Seungyoung and Kim, Myungjin and Lee, Seokwoo},
  journal={IEEE Access},
  volume={6},
  pages={70884--70901},
  year={2018},
  publisher={IEEE},
  doi={10.1109/ACCESS.2018.2881003}
}
@inproceedings{xie,
  title={Image denoising and inpainting with deep neural networks},
  author={Xie, Junyuan and Xu, Linli and Chen, Enhong},
  booktitle={Advances in neural information processing systems},
  pages={341--349},
  year={2012}
}
@article{hinton,
  title={Reducing the dimensionality of data with neural networks},
  author={Hinton, Geoffrey E and Salakhutdinov, Ruslan R},
  journal={Science},
  volume={313},
  number={5786},
  pages={504--507},
  year={2006},
  publisher={American Association for the Advancement of Science},
  	url = {http://www.sciencemag.org/cgi/doi/10.1126/science.1127647},
	doi = {10.1126/science.1127647}
}

@misc{ucirepo,
    author = "Dheeru, Dua and Karra Taniskidou, Efi",
    year = "2017",
    title = "{UCI} Machine Learning Repository",
    url = "http://archive.ics.uci.edu/ml",
    institution = "University of California, Irvine, School of Information and Computer Sciences"
}
@inbook{dlbook-conv,
  chapter = {Convolutional Networks},
  pages = {326--366},
    title={Deep Learning},
    author={Ian Goodfellow and Yoshua Bengio and Aaron Courville},
    publisher={MIT Press},
    note={\url{http://www.deeplearningbook.org}},
    year={2016}
}
@article{ANNsPCA,
  title={Neural networks and principal component analysis: Learning from examples without local minima},
  author={Baldi, Pierre and Hornik, Kurt},
  journal={Neural networks},
  volume={2},
  number={1},
  pages={53--58},
  year={1989},
  publisher={Elsevier},
  doi={10.1016/0893-6080(89)90014-2}
}
@inbook{jolliffe-pca,
author="Jolliffe, Ian",
editor="Lovric, Miodrag",
title="Principal Component Analysis",
bookTitle="International Encyclopedia of Statistical Science",
year="2011",
publisher="Springer Berlin Heidelberg",
address="Berlin, Heidelberg",
pages="1094--1096",
isbn="978-3-642-04898-2",
doi="10.1007/978-3-642-04898-2_455",
url="https://doi.org/10.1007/978-3-642-04898-2_455"
}



@article{bengio,
  title={Representation learning: A review and new perspectives},
  author={Bengio, Yoshua and Courville, Aaron and Vincent, Pascal},
  journal={IEEE transactions on pattern analysis and machine intelligence},
  volume={35},
  number={8},
  pages={1798--1828},
  year={2013},
  publisher={IEEE},
	doi={10.1109/TPAMI.2013.50}
}
@article{nonstandard,
  title={A snapshot on nonstandard supervised learning problems: taxonomy, relationships, problem transformations and algorithm adaptations},
  author={Charte, David and Charte, Francisco and Garc{\'i}a, Salvador and Herrera, Francisco},
  journal={Progress in Artificial Intelligence},
  pages={1--14},
  year={2019},
  publisher={Springer},
  doi={10.1007/s13748-018-00167-7}
}
@article{advcae,
title = "Adversarial correlated autoencoder for unsupervised multi-view representation learning",
journal = "Knowledge-Based Systems",
year = "2019",
issn = "0950-7051",
doi = "10.1016/j.knosys.2019.01.017",
author = "Xu Wang and Dezhong Peng and Peng Hu and Yongsheng Sang",
keywords = "Unsupervised multi-view representation learning, Cross-view retrieval, Adversarial autoencoders, Adversarial learning"
}
@inproceedings{maniac,
  title={A nonlinear label compression and transformation method for multi-label classification using autoencoders},
  author={Wicker, J{\"o}rg and Tyukin, Andrey and Kramer, Stefan},
  booktitle={Pacific-Asia Conference on Knowledge Discovery and Data Mining},
  pages={328--340},
  year={2016},
  doi={10.1007/978-3-319-31753-3\_27},
  organization={Springer}
}
@inproceedings{speech,
  title={Speech enhancement based on deep denoising autoencoder},
  author={Lu, Xugang and Tsao, Yu and Matsuda, Shigeki and Hori, Chiori},
  booktitle={Interspeech},
  pages={436--440},
  year={2013}
}
@article{ecg,
  title={ECG signal enhancement based on improved denoising auto-encoder},
  author={Xiong, Peng and Wang, Hongrui and Liu, Ming and Zhou, Suiping and Hou, Zengguang and Liu, Xiuling},
  journal={Engineering Applications of Artificial Intelligence},
  volume={52},
  pages={194--202},
  year={2016},
  publisher={Elsevier},
  doi={10.1016/j.engappai.2016.02.015}
}
@ARTICLE{multimodal,
author={C. Hong and J. Yu and J. Wan and D. Tao and M. Wang},
journal={IEEE Transactions on Image Processing},
title={Multimodal Deep Autoencoder for Human Pose Recovery},
year={2015},
volume={24},
number={12},
pages={5659-5670},
doi={10.1109/TIP.2015.2487860},
ISSN={1057-7149},
month={Dec},}
@article{ssae, title={Stacked Sparse Autoencoder ({SSAE}) for Nuclei Detection on Breast Cancer Histopathology Images}, volume={35}, ISSN={1558-254X}, DOI={10.1109/tmi.2015.2458702}, number={1}, journal={IEEE Transactions on Medical Imaging}, publisher={Institute of Electrical and Electronics Engineers (IEEE)}, author={Xu, Jun and Xiang, Lei and Liu, Qingshan and Gilmore, Hannah and Wu, Jianzhong and Tang, Jinghai and Madabhushi, Anant}, year={2016}, month={Jan}, pages={119--130}}
@inproceedings{xu2017,
  title={Variational Autoencoder for Semi-Supervised Text Classification},
  author={Weidi Xu and Haoze Sun and Chao Deng and Ying Tan},
  booktitle = {AAAI Conference on Artificial Intelligence},
  year={2017}
}
@article{variational,
  title={Auto-encoding variational bayes},
  author={Kingma, Diederik P and Welling, Max},
  journal={arXiv preprint arXiv:1312.6114},
  year={2013}
}

@article{sdae,
  title={Stacked denoising autoencoders: Learning useful representations in a deep network with a local denoising criterion},
  author={Vincent, Pascal and Larochelle, Hugo and Lajoie, Isabelle and Bengio, Yoshua and Manzagol, Pierre-Antoine},
  journal={Journal of machine learning research},
  volume={11},
  pages={3371--3408},
  year={2010}
}
AAAI no tiene p√°ginas en las proceedings 
@inproceedings{rsdae,
  title={Relational Stacked Denoising Autoencoder for Tag Recommendation},
  author={Wang, Hao and Shi, Xingjian and Yeung, Dit-Yan},
  booktitle={Twenty-Ninth AAAI Conference on Artificial Intelligence},
  year={2015}
}
@inproceedings{uncertain,
  title={An uncertain future: Forecasting from static images using variational autoencoders},
  author={Walker, Jacob and Doersch, Carl and Gupta, Abhinav and Hebert, Martial},
  booktitle={European Conference on Computer Vision},
  pages={835--851},
  year={2016},
  organization={Springer},doi={10.1007/978-3-319-46478-7_51}
}
@inproceedings{translation,
  title={Recursive autoencoders for ITG-based translation},
  author={Li, Peng and Liu, Yang and Sun, Maosong},
  booktitle={Proceedings of the 2013 Conference on Empirical Methods in Natural Language Processing},
  pages={567--577},
  year={2013}
}

@inproceedings{glorot2011,
  title={Domain adaptation for large-scale sentiment classification: A deep learning approach},
  author={Glorot, Xavier and Bordes, Antoine and Bengio, Yoshua},
  booktitle={Proceedings of the 28th international conference on machine learning (ICML-11)},
  pages={513--520},
  year={2011}
}

@article{tsne,
  title={Visualizing data using {t-SNE}},
  author={Maaten, Laurens van der and Hinton, Geoffrey},
  journal={Journal of machine learning research},
  volume={9},
  number={Nov},
  pages={2579--2605},
  year={2008}
}

@inproceedings{carreira2015,
  title={Hashing with binary autoencoders},
  author={Carreira-Perpin{\'a}n, Miguel A and Raziperchikolaei, Ramin},
  booktitle={Proceedings of the IEEE conference on computer vision and pattern recognition},
  pages={557--566},
  year={2015},doi={10.1109/CVPR.2015.7298654}
}

@INPROCEEDINGS{unsw,
author={N. {Moustafa} and J. {Slay}},
booktitle={2015 Military Communications and Information Systems Conference (MilCIS)},
title={UNSW-NB15: a comprehensive data set for network intrusion detection systems (UNSW-NB15 network data set)},
year={2015},
volume={},
number={},
pages={1-6},
keywords={computer network security;telecommunication traffic;network intrusion detection systems;UNSW-NB15 network data set;network traffic;Telecommunication traffic;Feature extraction;Servers;Training;Data models;IP networks;Benchmark testing;UNSW-NB15 data set;NIDS;low footprint attacks;pcap files;testbed},
doi={10.1109/MilCIS.2015.7348942},
ISSN={},
month={Nov},}

@inproceedings{stl10,
  title={An analysis of single-layer networks in unsupervised feature learning},
  author={Coates, Adam and Ng, Andrew and Lee, Honglak},
  booktitle={Proceedings of the fourteenth international conference on artificial intelligence and statistics},
  pages={215--223},
  year={2011}
}
@inproceedings{bibtex,
  author = "Katakis, I. and Tsoumakas, G. and Vlahavas, I.",
  title = "Multilabel Text Classification for Automated Tag Suggestion",
  booktitle={Proceedings of the ECML/PKDD 2008},
  pages = "75-83",
  year = "2008"
}
@inproceedings{petsche,
  title={A neural network autoassociator for induction motor failure prediction},
  author={Petsche, Thomas and Marcantonio, Angelo and Darken, Christian and Hanson, Stephen Jose and Kuhn, Gary M and Santoso, N Iwan},
  booktitle={Advances in neural information processing systems 9},
  pages={924--930},
  year={1996}
}
@inproceedings{ballard,
  title={Modular Learning in Neural Networks},
  author={Ballard, Dana H},
  booktitle={AAAI},
  pages={279--284},
  year={1987}
}
@article{dropout,
  title={Dropout: a simple way to prevent neural networks from overfitting},
  author={Srivastava, Nitish and Hinton, Geoffrey and Krizhevsky, Alex and Sutskever, Ilya and Salakhutdinov, Ruslan},
  journal={The journal of machine learning research},
  volume={15},
  number={1},
  pages={1929--1958},
  year={2014},
  publisher={Journal of Machine Learning Research}
}
@article{hinton2006fast,
  title={A fast learning algorithm for deep belief nets},
  author={Hinton, Geoffrey E and Osindero, Simon and Teh, Yee-Whye},
  journal={Neural computation},
  volume={18},
  number={7},
  pages={1527--1554},
  year={2006},
  publisher={MIT Press},doi={10.1162/neco.2006.18.7.1527}
}
@inproceedings{relu,
  title={Deep sparse rectifier neural networks},
  author={Glorot, Xavier and Bordes, Antoine and Bengio, Yoshua},
  booktitle={Proceedings of the fourteenth international conference on artificial intelligence and statistics},
  pages={315--323},
  year={2011}
}

ICLR references are just online and do not provide a page range:
@inproceedings{compression,
  title={Lossy image compression with compressive autoencoders},
  author={Theis, Lucas and Shi, Wenzhe and Cunningham, Andrew and Husz{\'a}r, Ferenc},
  booktitle={Fifth International Conference on Learning Representations},
  year={2017},
  url={https://openreview.net/forum?id=rJiNwv9gg}
}

@inproceedings{transferlearning,
  title={Sparse autoencoder-based feature transfer learning for speech emotion recognition},
  author={Deng, Jun and Zhang, Zixing and Marchi, Erik and Schuller, Bj{\"o}rn},
  booktitle={2013 Humaine Association Conference on Affective Computing and Intelligent Interaction},
  pages={511--516},
  year={2013},doi={10.1109/ACII.2013.90},
  organization={IEEE}
}
@book{featext,
  title={Feature extraction: foundations and applications},
  author={Guyon, Isabelle and Gunn, Steve and Nikravesh, Masoud and Zadeh, Lofti A},
  volume={207},
  year={2008},
  publisher={Springer},doi={10.1007/978-3-540-35488-8}
}

@techreport{DimRecComparative,
  title={Dimensionality reduction: a comparative review},
  author={Van Der Maaten, Laurens and Postma, Eric and Van den Herik, Jaap},
  journal={Journal of Machine Learning Research},
  publisher={Tilburg University},
  volume={2009-005},
  year={2009}
}
@article{lds,
  title={Local structure based supervised feature extraction},
  author={Zhao, Haitao and Sun, Shaoyuan and Jing, Zhongliang and Yang, Jingyu},
  journal={Pattern Recognition},
  volume={39},
  number={8},
  pages={1546--1550},
  year={2006},
  publisher={Elsevier},doi={10.1016/j.patcog.2006.02.023}
}
@article{lsss,
  title={Locality sensitive semi-supervised feature selection},
  author={Zhao, Jidong and Lu, Ke and He, Xiaofei},
  journal={Neurocomputing},
  volume={71},
  number={10-12},
  pages={1842--1849},
  year={2008},
  publisher={Elsevier},doi={10.1016/j.neucom.2007.06.014}
}
@inproceedings{adv,
  title={Adversarial autoencoders},
  author={Makhzani, Alireza and Shlens, Jonathon and Jaitly, Navdeep and Goodfellow, Ian},
  booktitle={Fourth International Conference on Learning Representations},
  year={2016}
}

@article{PCAHotelling,
  title={Analysis of a complex of statistical variables into principal components},
  author={Hotelling, Harold},
  journal={Journal of educational psychology},
  volume={24},
  number={6},
  pages={417},
  year={1933},
  publisher={Warwick \& York},
  doi={10.1037/h0071325}
}

@article{LDA,
  title={The statistical utilization of multiple measurements},
  author={Fisher, Ronald A},
  journal={Annals of Human Genetics},
  volume={8},
  number={4},
  pages={376--386},
  year={1938},
  publisher={Wiley Online Library},
  doi={10.1111/j.1469-1809.1938.tb02189.x}
}

@article{KernelPCA,
  title={Nonlinear component analysis as a kernel eigenvalue problem},
  author={Sch{\"o}lkopf, Bernhard and Smola, Alexander and M{\"u}ller, Klaus-Robert},
  journal={Neural computation},
  volume={10},
  number={5},
  pages={1299--1319},
  year={1998},
  publisher={MIT Press},
  doi={10.1162/089976698300017467}
}

@article{Isomap,
  title={A global geometric framework for nonlinear dimensionality reduction},
  author={Tenenbaum, Joshua B and De Silva, Vin and Langford, John C},
  journal={Science},
  doi={10.1126/science.290.5500.2319},
  volume={290},
  number={5500},
  pages={2319--2323},
  year={2000},
  publisher={American Association for the Advancement of Science}
}

@article{LLE,
  title={Nonlinear dimensionality reduction by locally linear embedding},
  author={Roweis, Sam T and Saul, Lawrence K},
  journal={Science},
  doi={10.1126/science.290.5500.2323},
  volume={290},
  number={5500},
  pages={2323--2326},
  year={2000},
  publisher={American Association for the Advancement of Science}
}

@techreport{ManifoldLearning,
  title={Algorithms for manifold learning},
  author={Cayton, Lawrence},
  institution={University of California at San Diego},
  volume={12},
  pages={1--17},
  year={2005}
}

@article{FeatureFusion,
  title={A survey of decision fusion and feature fusion strategies for pattern classification},
  author={Mangai, Utthara Gosa and Samanta, Suranjana and Das, Sukhendu and Chowdhury, Pinaki Roy},
  journal={IETE Technical review},
  volume={27},
  number={4},
  pages={293--307},
  year={2010},
  publisher={Taylor \& Francis},
  doi={10.4103/0256-4602.64604}
}

@article{PCA, title={{LIII}. {On} lines and planes of closest fit to systems of points in space}, volume={2}, ISSN={1941-5990}, DOI={10.1080/14786440109462720}, number={11}, journal={Philosophical Magazine Series 6}, publisher={Informa UK Limited}, author={Pearson, Karl}, year={1901}, month={Nov}, pages={559--572}}

@incollection{PCABook,
  title={Introduction},
  author={Jolliffe, Ian T},
  booktitle={Principal component analysis},
  pages={1--7},
  year={1986},
  doi="10.1007/978-1-4757-1904-8",
  isbn="978-1-4757-1904-8",
  publisher={Springer}
}
@incollection{PCAandFA,
  title={Principal Component Analysis and Factor Analysis},
  author={Jolliffe, Ian T},
  booktitle={Principal component analysis},
  pages={115--128},
  year={1986},
  doi="10.1007/978-1-4757-1904-8",
  isbn="978-1-4757-1904-8",
  publisher={Springer}
}

@inbook{DLBookRBM,
  chapter = {Deep generative models},
  pages = {651--716},
    title={Deep Learning},
    author={Ian Goodfellow and Yoshua Bengio and Aaron Courville},
    publisher={MIT Press},
    note={\url{http://www.deeplearningbook.org}},
    year={2016}
}

@techreport{Harmonium,
  title={Information processing in dynamical systems: Foundations of harmony theory},
  author={Smolensky, Paul},
  year={1986},
  institution={Colorado University at Boulder, Department of Computer Science}
}

@inproceedings{RBMHard,
  title={Restricted Boltzmann machines are hard to approximately evaluate or simulate},
  author={Long, Philip M and Servedio, Rocco},
  booktitle={Proceedings of the 27th International Conference on Machine Learning (ICML-10)},
  pages={703--710},
  year={2010}
}

@article{ContrastiveDivergence, title={Training Products of Experts by Minimizing Contrastive Divergence}, volume={14}, ISSN={1530-888X}, DOI={10.1162/089976602760128018}, number={8}, journal={Neural Computation}, publisher={MIT Press - Journals}, author={Hinton, Geoffrey E.}, year={2002}, month={Aug}, pages={1771--1800}}

@article{FisherLDA,
  author = {Fisher, Ronald A.},
  year = {1936},
  title = {The use of multiple measurements in taxonomic problems},
  journal = {Annals of Eugenics},
  publisher = {Wiley Online Library},
  issn = {2050-1439},
  doi = {10.1111/j.1469-1809.1936.tb02137.x},
  volume = {7},
  month = {9},
  pages = {179--188},
  number = {2},
}

@article{Sammon,
  title={A nonlinear mapping for data structure analysis},
  doi={10.1109/T-C.1969.222678},
  author={Sammon, John W},
  journal={IEEE Transactions on computers},
  volume={100},
  number={5},
  pages={401--409},
  year={1969},
  publisher={Ieee}
}

@article{MDS,
  title={Multidimensional scaling: I. Theory and method},
  author={Torgerson, Warren S},
  journal={Psychometrika},
  volume={17},
  number={4},
  pages={401--419},
  year={1952},
  publisher={Springer},
  doi={10.1007/BF02288916}
}

@article{LaplacianEigenmaps,
	title={Laplacian Eigenmaps for Dimensionality Reduction and Data Representation},
	author={Mikhail Belkin and Partha Niyogi},
	journal={Neural Computation},
	year={2003},
	volume={15},
	pages={1373-1396},
	doi={10.1162/089976603321780317}
}
@inproceedings{imagenet,
  title={Imagenet classification with deep convolutional neural networks},
  author={Krizhevsky, Alex and Sutskever, Ilya and Hinton, Geoffrey E},
  booktitle={Advances in neural information processing systems 25},
  pages={1097--1105},
  year={2012}
}
@article{reviewdl,
  title={Deep Learning in Neural Networks: An Overview},
  author={J{\"u}rgen Schmidhuber},
  journal={Neural networks},
  publisher={Elsevier},
  year={2015},
  volume={61},
  pages={
          85-117
        },doi={10.1016/j.neunet.2014.09.003}
}
@article{kohonen1990self,
  title={The self-organizing map},
  author={Kohonen, Teuvo},
  journal={Proceedings of the IEEE},
  volume={78},
  number={9},
  pages={1464--1480},
  year={1990}, doi={10.1109/5.58325}, 
  publisher={IEEE}
}
@inproceedings{koikkalainen1990self,
  title={Self-organizing hierarchical feature maps},
  author={Koikkalainen, Pasi and Oja, Erkki},
  booktitle={1990 IJCNN international joint conference on neural networks},
  pages={279--284},
  year={1990},doi={10.1109/IJCNN.1990.137727},
  organization={IEEE}
}

@article{kramer1991nonlinear,
  title={Nonlinear principal component analysis using autoassociative neural networks},
  author={Kramer, Mark A},
  journal={AIChE journal},
  volume={37},
  number={2},
  pages={233--243},
  year={1991},
  publisher={Wiley Online Library},doi={10.1002/aic.690370209}
}

@article{oja1991,
  title={Data compression, feature extraction, and autoassociation in feedforward neural networks},
  author={Oja, Erkki},
  journal={Artificial neural networks},
  volume={1},
  pages={737--745},
  year={1991},
  publisher={Elsevier Science Publishers B.V.},
  editor={Kohonen, Teuvo and M√°kisara, K. and Simula, O. and Kangas, J.}
}
@article{schmidhuber1996semilinear,
  title={Semilinear predictability minimization produces well-known feature detectors},
  author={Schmidhuber, J{\"u}rgen and Eldracher, Martin and Foltin, Bernhard},
  journal={Neural Computation},
  volume={8},
  number={4},
  pages={773--786},
  year={1996},
  publisher={MIT Press},doi={10.1162/neco.1996.8.4.773}
}
@article{kotsiantis2007supervised,
  title={Supervised machine learning: A review of classification techniques},
  author={Kotsiantis, Sotiris B and Zaharakis, I and Pintelas, P},
  journal={Emerging artificial intelligence applications in computer engineering},
  volume={160},
  pages={3--24},
  year={2007}
}
@article{Jain1999DataCA,
  title={Data Clustering: A Review},
  author={Anil K. Jain and M. Narasimha Murty and Patrick J. Flynn},
  journal={ACM Computing Surveys},
  year={1999},
  volume={31},
  pages={264-323},doi={10.1145/331499.331504}
}
@book{garcia2015data,
  title={Data preprocessing in data mining},
  author={Garc{\'i}a, Salvador and Luengo, Juli{\'a}n and Herrera, Francisco},
  year={2015},
  publisher={Springer},doi={10.1007/978-3-319-10247-4}
}
@article{lorena2019complex,
  title={How Complex Is Your Classification Problem?: A Survey on Measuring Classification Complexity},
  author={Lorena, Ana C and Garcia, Lu{\'i}s PF and Lehmann, Jens and Souto, Marcilio CP and Ho, Tin Kam},
  journal={ACM Computing Surveys (CSUR)},
  volume={52},
  number={5},
  pages={107},
  year={2019},
  publisher={ACM},doi={10.1145/3347711}
}
@article{dash1997feature,
  title={Feature selection for classification},
  author={Dash, Manoranjan and Liu, Huan},
  journal={Intelligent data analysis},
  volume={1},
  number={1-4},
  pages={131--156},
  year={1997},
  publisher={Elsevier},doi={10.1016/S1088-467X(97)00008-5}
}

@article{robbins1951stochastic, 
  title={A stochastic approximation method},
  author={Robbins, Herbert and Monro, Sutton},
  journal={The annals of mathematical statistics},
  pages={400--407},
  year={1951},
  publisher={JSTOR},
  doi={10.1007/978-1-4612-5110-1\_9}
} %sgd

@article{duchi2011adaptive,
  title={Adaptive subgradient methods for online learning and stochastic optimization},
  author={Duchi, John and Hazan, Elad and Singer, Yoram},
  journal={Journal of Machine Learning Research},
  volume={12},
  pages={2121--2159},
  year={2011}
}

%% S√≠, esto es una cita a coursera. Tiene 888 citas en
%% Scholar, parece la fuente original del algoritmo.
@article{tieleman2012lecture,
  title={Lecture 6.5-{RMSProp}},
  author={Tieleman, Tijmen and Hinton, Geoffrey},
  journal={COURSERA: Neural networks for machine learning},
  volume={4},
  number={2},
  pages={26--31},
  year={2012}
}

%% Qu√© pasa con los algoritmos de optimizaci√≥n, que no est√°n en revistas
@article{zeiler2012adadelta,
  title={ADADELTA: an adaptive learning rate method},
  author={Zeiler, Matthew D},
  journal={arXiv preprint arXiv:1212.5701},
  year={2012}
}

@inproceedings{kingma2015adam,
  title={Adam: A method for stochastic optimization},
  author={Kingma, Diederik and Ba, Jimmy},
  booktitle={Third International Conference on Learning Representations},
  year={2015}
}

@inproceedings{lee_sparse_2008,
	title = {Sparse deep belief net model for visual area V2},
	pages = {873--880},
	booktitle = {Advances in neural information processing systems 20},
	author = {Lee, Honglak and Ekanadham, Chaitanya and Ng, Andrew Y.},
	year = {2008},
	keywords = {autoencoders, sparse},
	file = {3313-sparse-deep-belief-net-model-for-visual-area-v2.pdf:/home/fdavidcl/Zotero/storage/EWJINISP/3313-sparse-deep-belief-net-model-for-visual-area-v2.pdf:application/pdf}
}
@article{ng2011sparse,
  title={Sparse autoencoder},
  author={Ng, Andrew and others},
  journal={CS294A Lecture notes},
  volume={72},
  number={2011},
  pages={1--19},
  year={2011},
  publisher={Stanford University}
}

@inproceedings{contractive,
	title = {Contractive auto-encoders: Explicit invariance during feature extraction},
	shorttitle = {Contractive auto-encoders},
	pages = {833--840},
	booktitle = {Proceedings of the 28th international conference on machine learning ({ICML}-11)},
	author = {Rifai, Salah and Vincent, Pascal and Muller, Xavier and Glorot, Xavier and Bengio, Yoshua},
	urldate = {2017-08-28},
	year = {2011},
	keywords = {autoencoders, contractive},
	file = {Contractive Auto-Encoders.pdf:/home/fdavidcl/Zotero/storage/XZPM7RM7/Contractive Auto-Encoders.pdf:application/pdf}
}
@inproceedings{vincent2008extracting,
  title={Extracting and composing robust features with denoising autoencoders},
  author={Vincent, Pascal and Larochelle, Hugo and Bengio, Yoshua and Manzagol, Pierre-Antoine},
  booktitle={Proceedings of the 25th international conference on Machine learning},
  pages={1096--1103},
  year={2008},
  organization={ACM},doi={10.1145/1390156.1390294}
}
@inproceedings{rifai2011higher,
  title={Higher order contractive auto-encoder},
  author={Rifai, Salah and Mesnil, Gr{\'e}goire and Vincent, Pascal and Muller, Xavier and Bengio, Yoshua and Dauphin, Yann and Glorot, Xavier},
  booktitle={Joint European Conference on Machine Learning and Knowledge Discovery in Databases},
  pages={645--660},
  year={2011},
  organization={Springer},doi={10.1007/978-3-642-23783-6_41}
}
@inproceedings{qi_robust_2014,
	title = {Robust feature learning by stacked autoencoder with maximum correntropy criterion},
	pages = {6716--6720},
	booktitle = {{IEEE} International Conference on Acoustics, Speech and Signal Processing ({ICASSP})},
	publisher = {{IEEE}},
	author = {Qi, Yu and Wang, Yueming and Zheng, Xiaoxiang and Wu, Zhaohui},
	year = {2014},
	doi={10.1109/ICASSP.2014.6854900}
}

@inproceedings{correntropy,
	title = {Correntropy: A localized similarity measure},
	shorttitle = {Correntropy},
	pages = {4919--4924},
	booktitle = {IEEE International Joint Conference on Neural Networks, 2006. {IJCNN}},
	publisher = {{IEEE}},
	author = {Liu, Weifeng and Pokharel, Puskal P. and Principe, Jose C.},
	year = {2006},
	doi={10.1109/IJCNN.2006.247192}
}
@inproceedings{gan,
  title={Generative adversarial nets},
  author={Goodfellow, Ian and Pouget-Abadie, Jean and Mirza, Mehdi and Xu, Bing and Warde-Farley, David and Ozair, Sherjil and Courville, Aaron and Bengio, Yoshua},
  booktitle={Advances in neural information processing systems 27},
  pages={2672--2680},
  year={2014}
}
@inproceedings{zhuang2015supervised,
  title={Supervised representation learning: Transfer learning with deep autoencoders},
  author={Zhuang, Fuzhen and Cheng, Xiaohu and Luo, Ping and Pan, Sinno Jialin and He, Qing},
  booktitle={Twenty-Fourth International Joint Conference on Artificial Intelligence},
  year={2015},
  pages={4119--4125}
}
@article{superresolution,
  title={Coupled deep autoencoder for single image super-resolution},
  author={Zeng, Kun and Yu, Jun and Wang, Ruxin and Li, Cuihua and Tao, Dacheng},
  journal={IEEE transactions on cybernetics},
  volume={47},
  number={1},
  pages={27--37},
  year={2015},
  publisher={IEEE},doi={10.1109/TCYB.2015.2501373}
}
@inproceedings{cheng2018deep,
  title={Deep convolutional autoencoder-based lossy image compression},
  author={Cheng, Zhengxue and Sun, Heming and Takeuchi, Masaru and Katto, Jiro},
  booktitle={2018 Picture Coding Symposium (PCS)},
  pages={253--257},
  year={2018},
  organization={IEEE},doi={10.1109/PCS.2018.8456308}
}

@article{jpeg,
  title={The {JPEG} still picture compression standard},
  author={Wallace, Gregory K},
  journal={IEEE transactions on consumer electronics},
  volume={38},
  number={1},
  pages={xviii--xxxiv},
  year={1992},
  publisher={IEEE},
  doi={10.1145/103085.103089}
}

@inproceedings{balle2016end,
  title={End-to-end optimized image compression},
  author={Ball{\'e}, Johannes and Laparra, Valero and Simoncelli, Eero P},
  booktitle={Fifth International Conference on Learning Representations},
  year={2017}
}
@article{hong2015multimodal,
  title={Multimodal deep autoencoder for human pose recovery},
  author={Hong, Chaoqun and Yu, Jun and Wan, Jian and Tao, Dacheng and Wang, Meng},
  journal={IEEE Transactions on Image Processing},
  volume={24},
  number={12},
  pages={5659--5670},
  year={2015},
  publisher={IEEE},doi={10.1109/TIP.2015.2487860}
}
@inproceedings{yu2013embedding,
  title={Embedding with autoencoder regularization},
  author={Yu, Wenchao and Zeng, Guangxiang and Luo, Ping and Zhuang, Fuzhen and He, Qing and Shi, Zhongzhi},
  booktitle={Joint European Conference on Machine Learning and Knowledge Discovery in Databases},
  pages={208--223},
  year={2013},
  organization={Springer},doi={10.1007/978-3-642-40994-3_14}
}
@inproceedings{hadsell2006dimensionality,
  title={Dimensionality reduction by learning an invariant mapping},
  author={Hadsell, Raia and Chopra, Sumit and LeCun, Yann},
  booktitle={2006 IEEE Computer Society Conference on Computer Vision and Pattern Recognition (CVPR'06)},
  volume={2},
  pages={1735--1742},
  year={2006},
  organization={IEEE},doi={10.1109/CVPR.2006.100}
}
@inproceedings{tensorflow,
  title={Tensorflow: A system for large-scale machine learning},
  author={Abadi, Mart{\'i}n and Barham, Paul and Chen, Jianmin and Chen, Zhifeng and Davis, Andy and Dean, Jeffrey and Devin, Matthieu and Ghemawat, Sanjay and Irving, Geoffrey and Isard, Michael and others},
  booktitle={12th {USENIX} Symposium on Operating Systems Design and Implementation ({OSDI} 16)},
  pages={265--283},
  year={2016}
}

@misc{keras,
  title={Keras},
  author={Chollet, Fran\c{c}ois and others},
  year={2015},
  howpublished={\url{https://keras.io}},
}
@article{tfidf,
  title={Understanding inverse document frequency: on theoretical arguments for {IDF}},
  author={Robertson, Stephen},
  journal={Journal of documentation},
  volume={60},
  number={5},
  pages={503--520},
  year={2004},doi={10.1108/00220410410560582},
  publisher={Emerald Group Publishing Limited}
}
@inproceedings{li2017collaborative,
  title={Collaborative variational autoencoder for recommender systems},
  author={Li, Xiaopeng and She, James},
  booktitle={Proceedings of the 23rd ACM SIGKDD international conference on knowledge discovery and data mining},
  pages={305--314},
  year={2017},
  organization={ACM},doi={10.1145/3097983.3098077}
}
@inproceedings{wang2015relational,
  title={Relational stacked denoising autoencoder for tag recommendation},
  author={Wang, Hao and Shi, Xingjian and Yeung, Dit-Yan},
  booktitle={Twenty-ninth AAAI conference on artificial intelligence},
  year={2015}
}
@article{li2015feature,
  title={Feature learning from incomplete EEG with denoising autoencoder},
  author={Li, Junhua and Struzik, Zbigniew and Zhang, Liqing and Cichocki, Andrzej},
  journal={Neurocomputing},
  volume={165},
  pages={23--31},
  year={2015},
  publisher={Elsevier},doi={10.1016/j.neucom.2014.08.092}
}
@article{3d1,
  title={Deep learning representation using autoencoder for 3D shape retrieval},
  author={Zhu, Zhuotun and Wang, Xinggang and Bai, Song and Yao, Cong and Bai, Xiang},
  journal={Neurocomputing},
  volume={204},
  pages={41--50},
  year={2016},
  publisher={Elsevier},doi={10.1016/j.neucom.2015.08.127}
}
@article{3d2,
  title={An efficient and effective convolutional auto-encoder extreme learning machine network for 3d feature learning},
  author={Wang, Yueqing and Xie, Zhige and Xu, Kai and Dou, Yong and Lei, Yuanwu},
  journal={Neurocomputing},
  volume={174},
  pages={988--998},
  year={2016},
  publisher={Elsevier},doi={10.1016/j.neucom.2015.10.035}
}
@article{3d3,
  title={3D object retrieval with stacked local convolutional autoencoder},
  author={Leng, Biao and Guo, Shuang and Zhang, Xiangyang and Xiong, Zhang},
  journal={Signal Processing},
  volume={112},
  pages={119--128},
  year={2015},
  publisher={Elsevier},doi={10.1016/j.sigpro.2014.09.005}
}
@Inbook{kernelmethods,
author="Sch{\"o}lkopf, Bernhard",
editor="Della Riccia, Giacomo
and Lenz, Hans-Joachim
and Kruse, Rudolf",
title="Statistical Learning and Kernel Methods",
bookTitle="Data Fusion and Perception",
year="2001",
publisher="Springer Vienna",
address="Vienna",
pages="3--24",
ISBN="978-3-7091-2580-9",
doi="10.1007/978-3-7091-2580-9_1"
}

@book{katz2014introduction,
  ISBN={978-1-4665-7027-6},
  title={Introduction to modern cryptography},
  author={Katz, Jonathan and Lindell, Yehuda},
  year={2014},
  publisher={Chapman and Hall/CRC},
}
@inproceedings{mirsky5kitsune,
  title={Kitsune: An Ensemble of Autoencoders for Online Network Intrusion Detection},
  author={Mirsky, Yisroel and Doitshman, Tomer and Elovici, Yuval and Shabtai, Asaf},
  booktitle={Network and Distributed Systems Security (NDSS) Symposium 2018},
  publisher={Internet Society},
  year={2018},
  pages={1--15},
  doi={10.14722/ndss.2018.23204}
}
@ARTICLE{dlnid,
author={N. {Shone} and T. N. {Ngoc} and V. D. {Phai} and Q. {Shi}},
journal={IEEE Transactions on Emerging Topics in Computational Intelligence},
title={A Deep Learning Approach to Network Intrusion Detection},
year={2018},
volume={2},
number={1},
pages={41-50},
doi={10.1109/TETCI.2017.2772792},
ISSN={2471-285X},
month={Feb},}

@article{facialexpr,
  title={Facial expression recognition via learning deep sparse autoencoders},
  author={Zeng, Nianyin and Zhang, Hong and Song, Baoye and Liu, Weibo and Li, Yurong and Dobaie, Abdullah M},
  journal={Neurocomputing},
  volume={273},
  pages={643--649},
  year={2018},
  publisher={Elsevier}
}
@article{improvedpart,
  title={An improved particle filter with a novel hybrid proposal distribution for quantitative analysis of gold immunochromatographic strips},
  author={Zeng, Nianyin and Wang, Zidong and Zhang, Hong and Kim, Kee-Eung and Li, Yurong and Liu, Xiaohui},
  journal={IEEE Transactions on Nanotechnology},
  volume={18},
  pages={819--829},
  year={2019},
  publisher={IEEE}
}
@article{dbngics,
  title={Deep belief networks for quantitative analysis of a gold immunochromatographic strip},
  author={Zeng, Nianyin and Wang, Zidong and Zhang, Hong and Liu, Weibo and Alsaadi, Fuad E},
  journal={Cognitive Computation},
  volume={8},
  number={4},
  pages={684--692},
  year={2016},
  publisher={Springer}
}

### Explainable AI (XAI)

@article{adler2018auditing,
  title={Auditing black-box models for indirect influence},
  author={Adler, Philip and Falk, Casey and Friedler, Sorelle A and Nix, Tionney and Rybeck, Gabriel and Scheidegger, Carlos and Smith, Brandon and Venkatasubramanian, Suresh},
  journal={Knowledge and Information Systems},
  volume={54},
  number={1},
  pages={95--122},
  year={2018},
  publisher={Springer},
  doi={10.1007/s10115-017-1116-3}
}
@article{arrieta2020explainable,
  title={Explainable Artificial Intelligence (XAI): Concepts, taxonomies, opportunities and challenges toward responsible AI},
  author={Arrieta, Alejandro Barredo and D{\'i}az-Rodr{\'i}guez, Natalia and Del Ser, Javier and Bennetot, Adrien and Tabik, Siham and Barbado, Alberto and Garc{\'i}a, Salvador and Gil-L{\'o}pez, Sergio and Molina, Daniel and Benjamins, Richard and others},
  journal={Information Fusion},
  volume={58},
  pages={82--115},
  year={2020},
  publisher={Elsevier},
  doi={10.1016/j.inffus.2019.12.012}
}
@article{DBLP:journals/corr/abs-2003-11323,
  author    = {Alejandro Barredo Arrieta and
               Javier Del Ser},
  title     = {Plausible Counterfactuals: Auditing Deep Learning Classifiers with
               Realistic Adversarial Examples},
  journal   = {CoRR},
  volume    = {abs/2003.11323},
  year      = {2020},
  url       = {https://arxiv.org/abs/2003.11323},
  eprinttype = {arXiv},
  eprint    = {2003.11323},
  timestamp = {Wed, 01 Apr 2020 17:39:11 +0200},
  biburl    = {https://dblp.org/rec/journals/corr/abs-2003-11323.bib},
  bibsource = {dblp computer science bibliography, https://dblp.org}
}

@article{aisafety,
title	= {Concrete Problems in AI Safety},
author	= {Dario Amodei and Chris Olah and Jacob Steinhardt and Paul Christiano and John Schulman and Dan Man√©},
year	= {2016},
URL	= {https://arxiv.org/pdf/1606.06565.pdf},
journal	= {arXiv preprint arXiv:1606.06565}
}

@article{angwin2016machine,
  title={Machine bias},
  author={Angwin, Julia and Larson, Jeff and Mattu, Surya and Kirchner, Lauren},
  journal={ProPublica},
  volume={May},
  number={23},
  year={2016}
}
@inproceedings{bird2002evolved,
  title={The evolved radio and its implications for modelling the evolution of novel sensors},
  author={Bird, Jon and Layzell, Paul},
  booktitle={Proceedings of the 2002 Congress on Evolutionary Computation. CEC'02 (Cat. No. 02TH8600)},
  volume={2},
  pages={1836--1841},
  year={2002},
  organization={IEEE},
  doi={10.1109/CEC.2002.1004522}
}
@inproceedings{creager2019flexibly,
  title={Flexibly Fair Representation Learning by Disentanglement},
  author={Creager, Elliot and Madras, David and Jacobsen, Joern-Henrik and Weis, Marissa and Swersky, Kevin and Pitassi, Toniann and Zemel, Richard},
  booktitle={International Conference on Machine Learning},
  pages={1436--1445},
  year={2019}
}
@inproceedings{chen2019looks,
  title={This looks like that: deep learning for interpretable image recognition},
  author={Chen, Chaofan and Li, Oscar and Tao, Daniel and Barnett, Alina and Rudin, Cynthia and Su, Jonathan K},
  booktitle={Advances in Neural Information Processing Systems 32},
  pages={8928--8939},
  year={2019},
publisher = {Curran Associates, Inc.}

}
@inproceedings{chen2016infogan,
  title={Infogan: Interpretable representation learning by information maximizing generative adversarial nets},
  author={Chen, Xi and Duan, Yan and Houthooft, Rein and Schulman, John and Sutskever, Ilya and Abbeel, Pieter},
  booktitle={Advances in neural information processing systems 29},
  pages={2172--2180},
  year={2016},
publisher = {Curran Associates, Inc.}

}
@incollection{chen2018isolating,
title = {Isolating Sources of Disentanglement in Variational Autoencoders},
author = {Chen, Tian Qi and Li, Xuechen and Grosse, Roger B and Duvenaud, David K},
booktitle = {Advances in Neural Information Processing Systems 31},
editor = {S. Bengio and H. Wallach and H. Larochelle and K. Grauman and N. Cesa-Bianchi and R. Garnett},
pages = {2610--2620},
year = {2018},
publisher = {Curran Associates, Inc.}
}
@inproceedings{ribeiro2016should,
author = {Ribeiro, Marco Tulio and Singh, Sameer and Guestrin, Carlos},
title = {``Why Should I Trust You?'': Explaining the Predictions of Any Classifier},
year = {2016},
isbn = {9781450342322},
publisher = {Association for Computing Machinery},
address = {New York, NY, USA},
doi = {10.1145/2939672.2939778},
booktitle = {Proceedings of the 22nd ACM SIGKDD International Conference on Knowledge Discovery and Data Mining},
pages = {1135‚Äì1144},
numpages = {10},
keywords = {interpretable machine learning, interpretability, explaining machine learning, black box classifier},
location = {San Francisco, California, USA},
series = {KDD ‚Äô16}
}

@phdthesis{adebayo2016fairml,
  title={{FairML}: ToolBox for diagnosing bias in predictive modeling},
  author={Adebayo, Julius A and others},
  year={2016},
  school={Massachusetts Institute of Technology}
}
@article{baehrens2010explain,
  title={How to explain individual classification decisions},
  author={Baehrens, David and Schroeter, Timon and Harmeling, Stefan and Kawanabe, Motoaki and Hansen, Katja and M{\~A}{\v{z}}ller, Klaus-Robert},
  journal={Journal of Machine Learning Research},
  volume={11},
  number={Jun},
  pages={1803--1831},
  year={2010}
}
@article{bach2015pixel,
  title={On pixel-wise explanations for non-linear classifier decisions by layer-wise relevance propagation},
  author={Bach, Sebastian and Binder, Alexander and Montavon, Gr{\'e}goire and Klauschen, Frederick and M{\"u}ller, Klaus-Robert and Samek, Wojciech},
  journal={PloS one},
  volume={10},
  number={7},
  year={2015},
  publisher={Public Library of Science},
  doi={10.1371/journal.pone.0130140}
}
@article{aravantinos2018traceability,
  title={Traceability of deep neural networks},
  author={Aravantinos, Vincent and Diehl, Frederik},
  journal={arXiv preprint arXiv:1812.06744},
  year={2018}
}

@InProceedings{pmlr-v89-schulam19a,
  title = 	 {Can You Trust This Prediction? Auditing Pointwise Reliability After Learning},
  author = 	 {Schulam, Peter and Saria, Suchi},
  booktitle = 	 {Proceedings of Machine Learning Research},
  pages = 	 {1022--1031},
  year = 	 {2019},
  editor = 	 {Chaudhuri, Kamalika and Sugiyama, Masashi},
  volume = 	 {89},
  series = 	 {Proceedings of Machine Learning Research},
  address = 	 {},
  month = 	 {16--18 Apr},
  publisher = 	 {PMLR},
  pdf = 	 {http://proceedings.mlr.press/v89/schulam19a/schulam19a.pdf},
  url = 	 {http://proceedings.mlr.press/v89/schulam19a.html}
}

@inproceedings{rubenstein2018learning,
  title={Learning disentangled representations with wasserstein auto-encoders},
  author={Rubenstein, Paul K and Sch{\"o}lkopf, Bernhard and Tolstikhin, Ilya},
  year={2018},
  booktitle={Proceedings of the Sixth International Conference on Learning Representations},
  url={https://openreview.net/forum?id=Hy79-UJPM},

}
@article{simonyan2013deep,
  title={Deep inside convolutional networks: Visualising image classification models and saliency maps},
  author={Simonyan, Karen and Vedaldi, Andrea and Zisserman, Andrew},
  journal={arXiv preprint arXiv:1312.6034},
  year={2013}
}
@article{henelius2014peek,
  title={A peek into the black box: exploring classifiers by randomization},
  author={Henelius, Andreas and Puolam{\"a}ki, Kai and Bostr{\"o}m, Henrik and Asker, Lars and Papapetrou, Panagiotis},
  journal={Data mining and knowledge discovery},
  volume={28},
  number={5-6},
  pages={1503--1529},
  year={2014},
  publisher={Springer},
  doi={10.1007/s10618-014-0368-8}
}
@inproceedings{datta2016algorithmic,
  title={Algorithmic transparency via quantitative input influence: Theory and experiments with learning systems},
  author={Datta, Anupam and Sen, Shayak and Zick, Yair},
  booktitle={2016 IEEE symposium on security and privacy (SP)},
  pages={598--617},
  year={2016},
  organization={IEEE},
  doi={10.1109/SP.2016.42}
}
@inbook{molnar2019,
  chapter = {6.1. Counterfactual Explanations},
  title      = {Interpretable Machine Learning},
  author     = {Christoph Molnar},
  note       = {\url{https://christophm.github.io/interpretable-ml-book/}},
  year       = {2019},
  subtitle   = {A Guide for Making Black Box Models Explainable}
}
@article{wachter2017counterfactual,
  title={Counterfactual explanations without opening the black box: Automated decisions and the GDPR},
  author={Wachter, Sandra and Mittelstadt, Brent and Russell, Chris},
  journal={Harv. JL \& Tech.},
  volume={31},
  pages={841},
  year={2017},
  publisher={HeinOnline}
}
@inproceedings{zemel2013learning,
  title={Learning fair representations},
  author={Zemel, Rich and Wu, Yu and Swersky, Kevin and Pitassi, Toni and Dwork, Cynthia},
  booktitle={International Conference on Machine Learning},
  pages={325--333},
  year={2013}
}
@article{edwards2015censoring,
  title={Censoring representations with an adversary},
  author={Edwards, Harrison and Storkey, Amos},
  journal={arXiv preprint arXiv:1511.05897},
  year={2015}
}
@article{madras2018learning,
  title={Learning adversarially fair and transferable representations},
  author={Madras, David and Creager, Elliot and Pitassi, Toniann and Zemel, Richard},
  journal={arXiv preprint arXiv:1802.06309},
  year={2018}
}
@article{wang2017deep,
  title={Deep visual attention prediction},
  author={Wang, Wenguan and Shen, Jianbing},
  journal={IEEE Transactions on Image Processing},
  volume={27},
  number={5},
  pages={2368--2378},
  year={2017},
  publisher={IEEE},
  doi={10.1109/TIP.2017.2787612}
}
@inproceedings{wang2017residual,
  title={Residual attention network for image classification},
  author={Wang, Fei and Jiang, Mengqing and Qian, Chen and Yang, Shuo and Li, Cheng and Zhang, Honggang and Wang, Xiaogang and Tang, Xiaoou},
  booktitle={Proceedings of the IEEE Conference on Computer Vision and Pattern Recognition},
  pages={3156--3164},
  year={2017},
  doi={10.1109/CVPR.2017.683}
}
@inproceedings{yang2016hierarchical,
  title={Hierarchical attention networks for document classification},
  author={Yang, Zichao and Yang, Diyi and Dyer, Chris and He, Xiaodong and Smola, Alex and Hovy, Eduard},
  booktitle={Proceedings of the 2016 conference of the North American chapter of the association for computational linguistics: human language technologies},
  pages={1480--1489},
  year={2016}
}
@inproceedings{cao2015look,
  title={Look and think twice: Capturing top-down visual attention with feedback convolutional neural networks},
  author={Cao, Chunshui and Liu, Xianming and Yang, Yi and Yu, Yinan and Wang, Jiang and Wang, Zilei and Huang, Yongzhen and Wang, Liang and Huang, Chang and Xu, Wei and others},
  booktitle={Proceedings of the IEEE international conference on computer vision},
  pages={2956--2964},
  year={2015},
  doi={10.1109/ICCV.2015.338}
}
@inproceedings{nguyen2019gee,
  title={GEE: A gradient-based explainable variational autoencoder for network anomaly detection},
  author={Nguyen, Quoc Phong and Lim, Kar Wai and Divakaran, Dinil Mon and Low, Kian Hsiang and Chan, Mun Choon},
  booktitle={2019 IEEE Conference on Communications and Network Security (CNS)},
  pages={91--99},
  year={2019},
  organization={IEEE},
  doi={10.1109/CNS.2019.8802833}
}
@inproceedings{shankaranarayana2019alime,
  title={ALIME: Autoencoder Based Approach for Local Interpretability},
  author={Shankaranarayana, Sharath M and Runje, Davor},
  booktitle={International Conference on Intelligent Data Engineering and Automated Learning},
  pages={454--463},
  year={2019},
  organization={Springer},
  doi={10.1007/978-3-030-33607-3_49}
}
@article{ALHMOUZ2019104874,
title = "Logic-driven autoencoders",
journal = "Knowledge-Based Systems",
volume = "183",
pages = "104874",
year = "2019",
issn = "0950-7051",
doi = "10.1016/j.knosys.2019.104874",
author = "Rami Al-Hmouz and Witold Pedrycz and Abdullah Balamash and Ali Morfeq",
}
@incollection{NIPS2017_7062,
title = {A Unified Approach to Interpreting Model Predictions},
author = {Lundberg, Scott M and Lee, Su-In},
booktitle = {Advances in Neural Information Processing Systems 30},
editor = {I. Guyon and U. V. Luxburg and S. Bengio and H. Wallach and R. Fergus and S. Vishwanathan and R. Garnett},
pages = {4765--4774},
year = {2017},
publisher = {Curran Associates, Inc.},
url = {http://papers.nips.cc/paper/7062-a-unified-approach-to-interpreting-model-predictions.pdf}
}
@inproceedings{shrikumar2017learning,
  title={Learning important features through propagating activation differences},
  author={Shrikumar, Avanti and Greenside, Peyton and Kundaje, Anshul},
  booktitle={Proceedings of the 34th International Conference on Machine Learning},
  pages={3145--3153},
  year={2017},
  volume={70}
}
