@book{learning-mitchell,
  author    = {Tom M. Mitchell},
  title     = {Machine learning},
  series    = {McGraw Hill series in computer science},
  publisher = {McGraw-Hill},
  year      = {1997},
  isbn      = {978-0-07-042807-2}
}

@article{perceptron,
  title={The perceptron: a probabilistic model for information storage and organization in the brain.},
  author={Rosenblatt, Frank},
  journal={Psychological review},
  volume={65},
  number={6},
  pages={386},
  year={1958},
  publisher={American Psychological Association}
}
@article{svn,
  title={Support-vector networks},
  author={Cortes, Corinna and Vapnik, Vladimir},
  journal={Machine learning},
  volume={20},
  number={3},
  pages={273--297},
  year={1995},
  publisher={Springer}
}
@book{classification,
  title={Introduction to statistical pattern recognition},
  author={Fukunaga, Keinosuke},
  year={2013},
  publisher={Elsevier}
}
@article{pattern-rec,
  title={Statistical pattern recognition: A review},
  author={Jain, Anil K and Duin, Robert PW and Mao, Jianchang},
  journal={IEEE Transactions on pattern analysis and machine intelligence},
  volume={22},
  number={1},
  pages={4--37},
  year={2000},
  publisher={Ieee}
}
@book{classification-duda,
  title={Pattern classification},
  author={Duda, Richard O and Hart, Peter E and Stork, David G},
  year={2012},
  publisher={John Wiley \& Sons}
}
@book{learning-tibshirani,
author="James, Gareth
and Witten, Daniela
and Hastie, Trevor
and Tibshirani, Robert",
title="An Introduction to Statistical Learning: with Applications in R",
year="2013",
publisher="Springer New York",
address="New York, NY",
isbn="978-1-4614-7138-7",
doi={10.1007/978-1-4614-7138-7}
}
@book{learning-murphy,
  title={Machine Learning: A Probabilistic Perspective},
  author={Murphy, Kevin P},
  year={2012},
  publisher={The MIT Press}
}
@book{learning-marsland,
title={Machine Learning: An Algorithmic Perspective},
author={Marsland, Stephen},
year={2014},
publisher={Chapman \& Hall},
isbn={978-1-466-58328-3}}
@book{imbalanced,
title={Learning from Imbalanced Data Sets},
author={
        Fern{\'a}ndez, Alberto
        and Garc{\'i}a, Salvador
        and Galar, Mikel 
        and Prati, Ronaldo C. 
        and Krawczyk, Bartosz 
        and Herrera, Francisco 
},
year={2018},
publisher={Springer International Publishing},
isbn={978-3-319-98073-7},
doi={10.1007/978-3-319-98074-4}}

@book{highdim,
author="Bol{\'o}n-Canedo, Ver{\'o}nica
and S{\'a}nchez-Maro{\~{n}}o, Noelia
and Alonso-Betanzos, Amparo",
title="Feature Selection for High-Dimensional Data",
year="2015",
publisher="Springer International Publishing",
address="Cham",
isbn="978-3-319-21858-8",
doi="10.1007/978-3-319-21858-8",
url="https://doi.org/10.1007/978-3-319-21858-8"
}


@inproceedings{multiclass,
  title={Using two-class classifiers for multiclass classification},
  author={Tax, David MJ and Duin, Robert PW},
  booktitle={Pattern Recognition, 2002. Proceedings. 16th International Conference on},
  volume={2},
  pages={124--127},
  year={2002},
  organization={IEEE}
}
@article{regression,
  title={On a kernel-based method for pattern recognition, regression, approximation, and operator inversion},
  author={Smola, Alex J and Sch{\"o}lkopf, Bernhard},
  journal={Algorithmica},
  volume={22},
  number={1-2},
  pages={211--231},
  year={1998},
  publisher={Springer}
}
@article{gaussianproc,
  title={Bayesian classification with Gaussian processes},
  author={Williams, Christopher KI and Barber, David},
  journal={IEEE Transactions on Pattern Analysis and Machine Intelligence},
  volume={20},
  number={12},
  pages={1342--1351},
  year={1998},
  publisher={IEEE}
}
@article{highdim2,
  title={High-dimensional data analysis: The curses and blessings of dimensionality},
  author={Donoho, David L and others},
  journal={AMS math challenges lecture},
  volume={1},
  number={2000},
  pages={32},
  year={2000},
  publisher={Citeseer}
}
@article{imbalance,
  title={The class imbalance problem: A systematic study},
  author={Japkowicz, Nathalie and Stephen, Shaju},
  journal={Intelligent data analysis},
  volume={6},
  number={5},
  pages={429--449},
  year={2002},
  publisher={IOS Press}
}
@Article{imbalanced-krawczyk,
author="Krawczyk, Bartosz",
title="Learning from imbalanced data: open challenges and future directions",
journal="Progress in Artificial Intelligence",
year="2016",
month="Nov",
day="01",
volume="5",
number="4",
pages="221--232",
issn="2192-6360",
doi="10.1007/s13748-016-0094-0",
url="https://doi.org/10.1007/s13748-016-0094-0"
}

@book{streams,
  title={Knowledge discovery from data streams},
  author={Gama, Joao},
  year={2010},
  publisher={Chapman and Hall/CRC}
}
@article{streams2,
  title={Data stream clustering: A survey},
  author={Silva, Jonathan A and Faria, Elaine R and Barros, Rodrigo C and Hruschka, Eduardo R and De Carvalho, Andre CPLF and Gama, Jo{\~a}o},
  journal={ACM Computing Surveys (CSUR)},
  volume={46},
  number={1},
  pages={13},
  year={2013},
  publisher={ACM}
}

@inproceedings{streams5,
  title={Mining high-speed data streams},
  author={Domingos, Pedro and Hulten, Geoff},
  booktitle={Proceedings of the sixth ACM SIGKDD international conference on Knowledge discovery and data mining},
  pages={71--80},
  year={2000},
  organization={ACM}
}
@book{timeseries,
  title={Forecasting: principles and practice},
  author={Hyndman, Rob J and Athanasopoulos, George},
  year={2018},
  publisher={OTexts}
}

@article{timeseries2,
  title={A review on time series data mining},
  author={Fu, Tak-chung},
  journal={Engineering Applications of Artificial Intelligence},
  volume={24},
  number={1},
  pages={164--181},
  year={2011},
  publisher={Elsevier}
}





@article{weak-nonstandard,
title = "Weak supervision and other non-standard classification problems: A taxonomy",
journal = "Pattern Recognition Letters",
volume = "69",
pages = "49 - 55",
year = "2016",
issn = "0167-8655",
doi = "10.1016/j.patrec.2015.10.008",
author = "Jer칩nimo Hern치ndez-Gonz치lez and I침aki Inza and Jose A. Lozano",
keywords = "Weakly supervised classification, Partially supervised classification, Degrees of supervision"
}

@inproceedings{str-pred,
  title={Learning structured prediction models: A large margin approach},
  doi={10.1145/1102351.1102464},
  author={Taskar, Ben and Chatalbashev, Vassil and Koller, Daphne and Guestrin, Carlos},
  booktitle={Proceedings of the 22nd international conference on Machine learning},
  pages={896--903},
  year={2005},
  organization={ACM}
}


% Multilabel

@book{mlc,
  title={Multilabel classification},
  author={Herrera, Francisco and Charte, Francisco and Rivera, Antonio J and Del Jesus, Mar{\'i}a J},
  year={2016},
  publisher={Springer}
}
@article{hierarchical,
  title={A survey of hierarchical classification across different application domains},
  author={Silla, Carlos N and Freitas, Alex A},
  journal={Data Mining and Knowledge Discovery},
  volume={22},
  number={1-2},
  pages={31--72},
  year={2011},
  publisher={Springer}
}

@article{mlmethods,
  title={A review on multi-label learning algorithms},
  author={Zhang, Min-Ling and Zhou, Zhi-Hua},
  doi={10.1109/TKDE.2013.39},
  journal={IEEE transactions on knowledge and data engineering},
  volume={26},
  number={8},
  pages={1819--1837},
  year={2014},
  publisher={IEEE}
}
@article{mlensembles,
  title={Review of ensembles of multi-label classifiers: Models, experimental study and prospects},
  author={Moyano, Jose M and Gibaja, Eva L and Cios, Krzysztof J and Ventura, Sebasti{\'a}n},
  journal={Information Fusion},
  volume={44},
  pages={33--45},
  year={2018},
  publisher={Elsevier},
  doi={10.1016/j.inffus.2017.12.001}
}
@article{mltutorial,
  title={A tutorial on multilabel learning},
  author={Gibaja, Eva and Ventura, Sebasti{\'a}n},
  journal={ACM Computing Surveys (CSUR)},
  volume={47},
  number={3},
  pages={52},
  year={2015},
  publisher={ACM},
  doi={10.1145/2716262}
}

@inproceedings{ml-rakel,
  title={Random k-labelsets: An ensemble method for multilabel classification},
  doi={10.1007/978-3-540-74958-5\_38},
  author={Tsoumakas, Grigorios and Vlahavas, Ioannis},
  booktitle={European conference on machine learning},
  pages={406--417},
  year={2007},
  organization={Springer}
}
@article{scumble,
  title={Dealing with difficult minority labels in imbalanced mutilabel data sets},
  author={Charte, Francisco and Rivera, Antonio J and del Jesus, Mar{\'i}a J and Herrera, Francisco},
  journal={Neurocomputing},
  year={2017},
  doi={10.1016/j.neucom.2016.08.158},
  publisher={Elsevier}
}


@article{ml-chains,
  title={Classifier chains for multi-label classification},
  doi={10.1007/s10994-011-5256-5},
  author={Read, Jesse and Pfahringer, Bernhard and Holmes, Geoff and Frank, Eibe},
  journal={Machine learning},
  volume={85},
  number={3},
  pages={333},
  year={2011},
  publisher={Springer}
}
@article{ml-knn,
  title={ML-KNN: A lazy learning approach to multi-label learning},
  doi={10.1016/j.patcog.2006.12.019},
  author={Zhang, Min-Ling and Zhou, Zhi-Hua},
  journal={Pattern recognition},
  volume={40},
  number={7},
  pages={2038--2048},
  year={2007},
  publisher={Elsevier}
}
@inproceedings{ml-dt,
  title={Knowledge discovery in multi-label phenotype data},
  author={Clare, Amanda and King, Ross D},
  booktitle={European Conference on Principles of Data Mining and Knowledge Discovery},
  pages={42--53},
  year={2001},
  organization={Springer},
  doi={10.1007/3-540-44794-6\_4}
}
@inproceedings{ml-rules,
  title={MMAC: A new multi-class, multi-label associative classification approach},
  author={Thabtah, Fadi A and Cowling, Peter and Peng, Yonghong},
  booktitle={Data Mining, 2004. ICDM'04. Fourth IEEE International Conference on},
  pages={217--224},
  year={2004},
  organization={IEEE},
  doi={10.1109/ICDM.2004.10117}
}

@inproceedings{ml-svm,
  title={A kernel method for multi-labelled classification},
  author={Elisseeff, Andr{\'e} and Weston, Jason},
  booktitle={Advances in neural information processing systems},
  pages={681--687},
  year={2002}
}

@Article{Laghmari2018,
author="Laghmari, Khalil
and Marsala, Christophe
and Ramdani, Mohammed",
title="An adapted incremental graded multi-label classification model for recommendation systems",
journal="Progress in Artificial Intelligence",
year="2018",
month="Mar",
day="01",
volume="7",
number="1",
pages="15--29",
issn="2192-6360",
doi="10.1007/s13748-017-0133-5"
}

@Article{Sousa2018,
author="Sousa, Ricardo
and Gama, Jo{\~a}o",
title="Multi-label classification from high-speed data streams with adaptive model rules and random rules",
journal="Progress in Artificial Intelligence",
year="2018",
month="Sep",
day="01",
volume="7",
number="3",
pages="177--187",
issn="2192-6360",
doi="10.1007/s13748-018-0142-z",
}



@article{ml-clr,
  title={Multilabel classification via calibrated label ranking},
  author={F{\"u}rnkranz, Johannes and H{\"u}llermeier, Eyke and Menc{\'i}a, Eneldo Loza and Brinker, Klaus},
  journal={Machine learning},
  volume={73},
  number={2},
  pages={133--153},
  year={2008},
  publisher={Springer},
  doi={10.1007/s10994-008-5064-8}
}

@inproceedings{aml-text,
  author = "Katakis, I. and Tsoumakas, G. and Vlahavas, I.",
  title = "Multilabel Text Classification for Automated Tag Suggestion",
  booktitle = "Proc. ECML PKDD08 Discovery Challenge, Antwerp, Belgium",
  pages = "75-83",
  year = "2008"
}
@article{aml-scene,
  title = "Learning multi-label scene classification",
  author = "Boutell, M. and Luo, J. and Shen, X. and Brown, C.",
  journal = "Pattern Recognition",
  year = "2004",
  volume = "37",
  number = "9",
  pages = "1757--1771",
  doi={10.1016/j.patcog.2004.03.009}
}
@inproceedings{aml-question,
  title="QUINTA: A question tagging assistant to improve the answering ratio in electronic forums",
  author="Charte, Francisco and Rivera, Antonio J. and del Jesus, Maria J. and Herrera, Francisco",
  booktitle="EUROCON 2015 - International Conference on Computer as a Tool (EUROCON), IEEE",
  year="2015",
  pages="1-6",
  month="Sept",
  doi={10.1109/EUROCON.2015.7313677}
}
@inproceedings{aml-protein,
  title = "Protein Classification with Multiple Algorithms",
  author = "Diplaris, S. and Tsoumakas, G. and Mitkas, P. and Vlahavas, I.",
  booktitle = "Proc. 10th Panhellenic Conference on Informatics, Volos, Greece, PCI05",
  year = "2005",
  pages = "448--456",
  doi={10.1007/11573036\_42}
}

@article{miml,
  title={Multi-instance multi-label learning},
  author={Zhou, Zhi-Hua and Zhang, Min-Ling and Huang, Sheng-Jun and Li, Yu-Feng},
  journal={Artificial Intelligence},
  volume={176},
  number={1},
  pages={2291--2320},
  year={2012},
  publisher={Elsevier},
  doi={10.1016/j.artint.2011.10.002}
}
@inproceedings{miml2,
  title={Multi-instance multi-label learning for relation extraction},
  author={Surdeanu, Mihai and Tibshirani, Julie and Nallapati, Ramesh and Manning, Christopher D},
  booktitle={Proceedings of the 2012 joint conference on empirical methods in natural language processing and computational natural language learning},
  pages={455--465},
  year={2012},
  organization={Association for Computational Linguistics}
}


% Label ranking
@incollection{lranksurvey,
  title={Label ranking algorithms: A survey},
  author={Vembu, Shankar and G{\"a}rtner, Thomas},
  booktitle={Preference learning},
  pages={45--64},
  year={2010},
  publisher={Springer},
  doi={10.1007/978-3-642-14125-6\_3}
}
@article{lrankpairwise,
  title={Label ranking by learning pairwise preferences},
  author={H{\"u}llermeier, Eyke and F{\"u}rnkranz, Johannes and Cheng, Weiwei and Brinker, Klaus},
  journal={Artificial Intelligence},
  volume={172},
  number={16-17},
  pages={1897--1916},
  year={2008},
  publisher={Elsevier},
  doi={10.1016/j.artint.2008.08.002}
}
@article{lrank4ml,
  title={Multilabel classification via calibrated label ranking},
  author={F{\"u}rnkranz, Johannes and H{\"u}llermeier, Eyke and Menc{\'i}a, Eneldo Loza and Brinker, Klaus},
  journal={Machine learning},
  volume={73},
  number={2},
  pages={133--153},
  year={2008},
  publisher={Springer},
  doi={10.1007/s10994-008-5064-8}
}

@inproceedings{lr-constraint,
  title={Constraint classification for multiclass classification and ranking},
  author={Har-Peled, Sariel and Roth, Dan and Zimak, Dav},
  booktitle={Advances in neural information processing systems},
  pages={809--816},
  year={2003}
}

@book{nilsson,
  title={Learning machines: foundations of trainable pattern-classifying systems},
  author={Nilsson, Nils J},
  year={1965},
  publisher={McGraw-Hill}
}

@inproceedings{lr-boost,
  title={Log-linear models for label ranking},
  author={Dekel, Ofer and Singer, Yoram and Manning, Christopher D},
  booktitle={Advances in neural information processing systems},
  pages={497--504},
  year={2004}
}
@inproceedings{lr-online,
  title={A unified algorithmic approach for efficient online label ranking},
  author={Shalev-Shwartz, Shai and Singer, Yoram},
  booktitle={Artificial Intelligence and Statistics},
  pages={452--459},
  year={2007}
}


% Multidimensional

@article{mdc,
  title={Multi-dimensional classification of biomedical text: Toward automated, practical provision of high-utility text to diverse users},
  author={Shatkay, Hagit and Pan, Fengxia and Rzhetsky, Andrey and Wilbur, W John},
  journal={Bioinformatics},
  volume={24},
  number={18},
  pages={2086--2093},
  year={2008},
  publisher={Oxford University Press},
  doi={10.1093/bioinformatics/btn381}
}

@book{mdc-indep,
  title={Multi-dimensional fragment classification in biomedical text},
  author={Pan, Fengxia},
  year={2006},
  publisher={Queen's University}
}

@article{md-bayes,
  title={Multi-dimensional classification with Bayesian networks},
  author={Bielza, Concha and Li, Guangdi and Larranaga, Pedro},
  journal={International Journal of Approximate Reasoning},
  volume={52},
  number={6},
  pages={705--727},
  year={2011},
  publisher={Elsevier}
}
@inproceedings{md-bayes2,
  title={Inference and learning in multi-dimensional Bayesian network classifiers},
  author={De Waal, Peter R and Van Der Gaag, Linda C},
  booktitle={European Conference on Symbolic and Quantitative Approaches to Reasoning and Uncertainty},
  pages={501--511},
  year={2007},
  organization={Springer},
  doi={10.1007/978-3-540-75256-1\_45}
}


% Multi-instance

@book{mil,
  title={Multiple instance learning: foundations and algorithms},
  author={Herrera, Francisco and Ventura, Sebasti{\'a}n and Bello, Rafael and Cornelis, Chris and Zafra, Amelia and S{\'a}nchez-Tarrag{\'o}, D{\'a}nel and Vluymans, Sarah},
  year={2016},
  publisher={Springer},
  doi={10.1007/978-3-319-47759-6}
}

@article{mic-taxonomy,
title = "Multiple instance classification: Review, taxonomy and comparative study",
journal = "Artificial Intelligence",
volume = "201",
pages = "81 - 105",
year = "2013",
issn = "0004-3702",
doi = "https://doi.org/10.1016/j.artint.2013.06.003",
author = "Jaume Amores"
}
@article{mil-assumptions,
  title={A review of multi-instance learning assumptions},
  author={Foulds, James and Frank, Eibe},
  journal={The Knowledge Engineering Review},
  volume={25},
  number={1},
  pages={1--25},
  year={2010},
  publisher={Cambridge University Press},
  doi={10.1017/S026988890999035X}
}

@article{mi-apr,
  title={Solving the multiple instance problem with axis-parallel rectangles},
  author={Dietterich, Thomas G and Lathrop, Richard H and Lozano-P{\'e}rez, Tom{\'a}s},
  journal={Artificial intelligence},
  volume={89},
  number={1-2},
  pages={31--71},
  year={1997},
  publisher={Elsevier},
  doi={10.1016/S0004-3702(96)00034-3}
}
@inproceedings{mi-framework,
  title={A framework for multiple-instance learning},
  author={Maron, Oded and Lozano-P{\'e}rez, Tom{\'a}s},
  booktitle={Advances in neural information processing systems},
  pages={570--576},
  year={1998}
}
@inproceedings{mi-svm,
  title={Support vector machines for multiple-instance learning},
  author={Andrews, Stuart and Tsochantaridis, Ioannis and Hofmann, Thomas},
  booktitle={Advances in neural information processing systems},
  pages={577--584},
  year={2003}
}
@inproceedings{mi-nn,
  title={Multi instance neural networks},
  author={Ramon, Jan and De Raedt, Luc},
  booktitle={Proceedings of the ICML-2000 workshop on attribute-value and relational learning},
  pages={53--60},
  year={2000}
}
@inproceedings{mi-knn,
  title={Solving Multiple-Instance Problem: a Lazy Learning Approach},
  author={Wang, Jun and Zucker, Jean-Daniel},
  booktitle={International Conference on Machine Learning},
  pages={1119--1126},
  year={2000},
  organization={Morgan Kaufmann Publishers}
}
@inproceedings{mi-kernel,
  title={Multi-instance learning by treating instances as non-iid samples},
  author={Zhou, Zhi-Hua and Sun, Yu-Yin and Li, Yu-Feng},
  booktitle={Proceedings of the 26th annual international conference on machine learning},
  pages={1249--1256},
  year={2009},
   doi = {10.1145/1553374.1553534},
  organization={ACM}
}
@article{ami-bank,
  title={Financial application of multi-instance learning: two greek case studies},
  author={Kotsiantis, Sotiris and Kanellopoulos, Dimitris and Tampakas, Vasilis},
  journal={Journal of Convergence Information Technology},
  volume={5},
  number={8},
  pages={42--53},
  year={2010},
  publisher={Advanced Institute of Convergence IT}
}



@inproceedings{mvmiml,
  title={Labeling Complicated Objects: Multi-View Multi-Instance Multi-Label Learning.},
  author={Nguyen, Cam-Tu and Wang, Xiaoliang and Liu, Jing and Zhou, Zhi-Hua},
  booktitle={AAAI},
  pages={2013--2019},
  year={2014}
}
@inproceedings{mlmimv,
  title={Music emotion recognition by multi-label multi-layer multi-instance multi-view learning},
  author={Wu, Bin and Zhong, Erheng and Horner, Andrew and Yang, Qiang},
  booktitle={Proceedings of the 22nd ACM international conference on Multimedia},
  pages={117--126},
  year={2014},
   doi = {10.1145/2647868.2654904},
  organization={ACM}
}


% Multiview

@article{mviewl,
  title={Multi-view learning overview: Recent progress and new challenges},
  author={Zhao, Jing and Xie, Xijiong and Xu, Xin and Sun, Shiliang},
  journal={Information Fusion},
  volume={38},
  pages={43--54},
  year={2017},
  publisher={Elsevier},
  doi={10.1016/j.inffus.2017.02.007}
}

@inproceedings{mv-spectral,
  title={Co-regularized multi-view spectral clustering},
  author={Kumar, Abhishek and Rai, Piyush and Daume, Hal},
  booktitle={Advances in neural information processing systems},
  pages={1413--1421},
  year={2011}
}

@inproceedings{mv-cca,
  title={Multi-view clustering via canonical correlation analysis},
  author={Chaudhuri, Kamalika and Kakade, Sham M and Livescu, Karen and Sridharan, Karthik},
  booktitle={Proceedings of the 26th annual international conference on machine learning},
  pages={129--136},
  year={2009},
   doi = {10.1145/1553374.1553391},
  organization={ACM}
}

@inproceedings{mv-svm,
  title={Two view learning: SVM-2K, theory and practice},
  author={Farquhar, Jason and Hardoon, David and Meng, Hongying and Shawe-taylor, John S and Szedmak, Sandor},
  booktitle={Advances in neural information processing systems},
  pages={355--362},
  year={2006}
}
@inproceedings{mv-fda,
  title={Hierarchical multi-view fisher discriminant analysis},
  author={Chen, Qiaona and Sun, Shiliang},
  booktitle={International Conference on Neural Information Processing},
  pages={289--298},
  year={2009},
  organization={Springer},
  doi={10.1007/978-3-642-10684-2\_32}
}

@inproceedings{amv-face,
  title={Statistical learning of multi-view face detection},
  author={Li, Stan Z and Zhu, Long and Zhang, ZhenQiu and Blake, Andrew and Zhang, HongJiang and Shum, Harry},
  booktitle={European Conference on Computer Vision},
  pages={67--81},
  year={2002},
  organization={Springer},
  doi={10.1007/3-540-47979-1\_5}
}
@inproceedings{amv-multilingual,
  title={Learning from multiple partially observed views-an application to multilingual text categorization},
  author={Amini, Massih and Usunier, Nicolas and Goutte, Cyril},
  booktitle={Advances in neural information processing systems},
  pages={28--36},
  year={2009}
}
@inproceedings{amv-wifi,
  title={Adaptive localization in a dynamic WiFi environment through multi-view learning},
  author={Pan, Sinno Jialin and Kwok, James T and Yang, Qiang and Pan, Jeffrey Junfeng},
  booktitle={AAAI},
  pages={1108--1113},
  year={2007}
}
@inproceedings{amv-ads-webkb,
  title={Multi-View Maximum Entropy Discrimination.},
  author={Sun, Shiliang and Chao, Guoqing},
  booktitle={IJCAI},
  pages={1706--1712},
  year={2013}
}
@inproceedings{amv-corel,
  title={Kernel-based weighted multi-view clustering},
  author={Tzortzis, Grigorios and Likas, Aristidis},
  booktitle={Data Mining (ICDM), 2012 IEEE 12th International Conference on},
  pages={675--684},
  year={2012},
  organization={IEEE},
  doi={10.1109/ICDM.2012.43}
}







% LDL

@article{ldl,
  title={Label distribution learning},
  author={Geng, Xin},
  journal={IEEE Transactions on Knowledge and Data Engineering},
  volume={28},
  number={7},
  pages={1734--1748},
  year={2016},
  publisher={IEEE},
  doi={10.1109/TKDE.2016.2545658}
}

@inproceedings{ldl-prob,
  title={Learning conditional linear Gaussian classifiers with probabilistic class labels},
  author={L{\'o}pez-Cruz, Pedro L and Bielza, Concha and Larra{\~n}aga, Pedro},
  booktitle={Conference of the Spanish Association for Artificial Intelligence},
  pages={139--148},
  year={2013},
  organization={Springer},
  doi={10.1007/978-3-642-40643-0\_15}
}
@article{aldl-yeast,
  title={Cluster analysis and display of genome-wide expression patterns},
  author={Eisen, Michael B and Spellman, Paul T and Brown, Patrick O and Botstein, David},
  journal={Proceedings of the National Academy of Sciences},
  volume={95},
  number={25},
  pages={14863--14868},
  year={1998},
  publisher={National Acad Sciences}
}
@inproceedings{aldl-face,
  title={Coding facial expressions with gabor wavelets},
  author={Lyons, Michael and Akamatsu, Shigeru and Kamachi, Miyuki and Gyoba, Jiro},
  booktitle={Automatic Face and Gesture Recognition, 1998. Proceedings. Third IEEE International Conference on},
  pages={200--205},
  year={1998},
  organization={IEEE},
  doi={10.1109/AFGR.1998.670949}
}



% Multi-target regression

@article{moutr,
  title={A survey on multi-output regression},
  author={Borchani, Hanen and Varando, Gherardo and Bielza, Concha and Larra{\~n}aga, Pedro},
  journal={Wiley Interdisciplinary Reviews: Data Mining and Knowledge Discovery},
  volume={5},
  number={5},
  pages={216--233},
  year={2015},
  publisher={Wiley Online Library},
  doi={10.1002/widm.1157}
}

@article{mtrviaml,
  title={Multi-label classification methods for multi-target regression},
  author={Spyromitros-Xioufis, Eleftherios and Tsoumakas, Grigorios and Groves, William and Vlahavas, Ioannis},
  journal={arXiv preprint arXiv},
  volume={1211},
  year={2012}
}

@inproceedings{mtr-lssvr,
  title={Multi-output LS-SVR machine in extended feature space},
  author={Zhang, Wei and Liu, Xianhui and Ding, Yi and Shi, Deming},
  booktitle={Computational Intelligence for Measurement Systems and Applications (CIMSA), 2012 IEEE International Conference on},
  pages={130--134},
  year={2012},
  organization={IEEE},
  doi={10.1109/CIMSA.2012.6269600}
}

@article{mtr-rank,
  title={Reduced-rank regression for the multivariate linear model},
  author={Izenman, Alan Julian},
  journal={Journal of multivariate analysis},
  volume={5},
  number={2},
  pages={248--264},
  year={1975},
  publisher={Elsevier},
  doi={10.1016/0047-259X(75)90042-1}
}
@article{mtr-canon,
  title={Multivariate regression analysis and canonical variates},
  author={Van Der Merwe, A and Zidek, JV},
  journal={Canadian Journal of Statistics},
  volume={8},
  number={1},
  pages={27--39},
  year={1980},
  publisher={Wiley Online Library},
  doi={10.2307/3314667}
}
@inproceedings{mtr-svr1,
  title={Multi-output support vector regression},
  author={Vazquez, Emmanuel and Walter, Eric},
  booktitle={13th IFAC Symposium on System Identification},
  pages={1820--1825},
  year={2003},
  organization={Citeseer}
}
@article{mtr-svr2,
  title={SVM multiregression for nonlinear channel estimation in multiple-input multiple-output systems},
  author={S{\'a}nchez-Fern{\'a}ndez, Matilde and de-Prado-Cumplido, Mario and Arenas-Garc{\'i}a, Jer{\'o}nimo and P{\'e}rez-Cruz, Fernando},
  journal={IEEE transactions on signal processing},
  volume={52},
  number={8},
  pages={2298--2307},
  year={2004},
  publisher={IEEE},
  doi={10.1109/TSP.2004.831028}
}
@article{mtr-kern1,
  title={On learning vector-valued functions},
  author={Micchelli, Charles A and Pontil, Massimiliano},
  journal={Neural computation},
  volume={17},
  number={1},
  pages={177--204},
  year={2005},
  publisher={MIT Press},
  doi={10.1162/0899766052530802}
}
@incollection{mtr-kern2,
	title={Kernels for Vector-Valued Functions: A Review},
  author={Alvarez, Mauricio A and Rosasco, Lorenzo and Lawrence, Neil D},
  booktitle={Foundations and Trends in Machine Learning},
  publisher={Now Publishers},
  year={2012},
  doi={10.1561/2200000036}
}
@article{mtr-trees,
  title={Multivariate regression trees: a new technique for modeling species--environment relationships},
  author={De'Ath, Glenn},
  journal={Ecology},
  volume={83},
  number={4},
  pages={1105--1117},
  year={2002},
  publisher={Wiley Online Library},
  doi={10.1890/0012-9658(2002)083[1105:MRTANT]2.0.CO;2}
}
@article{mtr-rf,
  title={Tree ensembles for predicting structured outputs},
  author={Kocev, Dragi and Vens, Celine and Struyf, Jan and D{\v{z}}eroski, Sa{\v{s}}o},
  journal={Pattern Recognition},
  volume={46},
  number={3},
  pages={817--833},
  year={2013},
  publisher={Elsevier},
  doi={10.1016/j.patcog.2012.09.023}
}

@article{amtr-eco,
  title={Using single-and multi-target regression trees and ensembles to model a compound index of vegetation condition},
  author={Kocev, Dragi and D{\v{z}}eroski, Sa{\v{s}}o and White, Matt D and Newell, Graeme R and Griffioen, Peter},
  journal={Ecological Modelling},
  volume={220},
  number={8},
  pages={1159--1168},
  year={2009},
  publisher={Elsevier},
  doi={10.1016/j.ecolmodel.2009.01.037}
}

@inproceedings{amtr-wind,
  title={Curve prediction with kernel regression},
  author={Kuznar, Damjan and Mozina, Martin and Bratko, Ivan},
  booktitle={Proceedings of the 1st Workshop on Learning from Multi-Label Data},
  pages={61--68},
  year={2009}
}
@article{amtr-remote,
  title={Multioutput support vector regression for remote sensing biophysical parameter estimation},
  author={Tuia, Devis and Verrelst, Jochem and Alonso, Luis and P{\'e}rez-Cruz, Fernando and Camps-Valls, Gustavo},
  journal={IEEE Geoscience and Remote Sensing Letters},
  volume={8},
  number={4},
  pages={804--808},
  year={2011},
  publisher={IEEE},
  doi={10.1109/LGRS.2011.2109934}
}


% Ordinal classification

@inproceedings{ord-simple,
  title={A simple approach to ordinal classification},
  author={Frank, Eibe and Hall, Mark},
  booktitle={European Conference on Machine Learning},
  pages={145--156},
  year={2001},
  organization={Springer},
  doi={10.1007/3-540-44795-4\_13}
}

@ARTICLE{ord-survey,
author={P. A. Guti칠rrez and M. P칠rez-Ortiz and J. S치nchez-Monedero and F. Fern치ndez-Navarro and C. Herv치s-Mart칤nez},
journal={IEEE Transactions on Knowledge and Data Engineering},
title={Ordinal Regression Methods: Survey and Experimental Study},
year={2016},
volume={28},
number={1},
pages={127-146},
doi={10.1109/TKDE.2015.2457911},
ISSN={1041-4347},}

@article{or-nn,
  title={Probabilistic interpretation of feedforward network outputs, with relationships to statistical prediction of ordinal quantities},
  author={Costa, Mario},
  journal={International journal of neural systems},
  volume={7},
  number={05},
  pages={627--637},
  year={1996},
  publisher={World Scientific},
  doi={10.1142/S0129065796000610}
}
@inproceedings{or-nn2,
  title={A neural network approach to ordinal regression},
  author={Cheng, Jianlin and Wang, Zheng and Pollastri, Gianluca},
  booktitle={Neural Networks, 2008. IJCNN 2008.(IEEE World Congress on Computational Intelligence). IEEE International Joint Conference on},
  pages={1279--1284},
  year={2008},
  organization={IEEE},
  doi={10.1109/IJCNN.2008.4633963}
}
@article{or-elm,
  title={Ordinal extreme learning machine},
  author={Deng, Wan-Yu and Zheng, Qing-Hua and Lian, Shiguo and Chen, Lin and Wang, Xin},
  journal={Neurocomputing},
  volume={74},
  number={1-3},
  pages={447--456},
  year={2010},
  publisher={Elsevier},
  doi={10.1016/j.neucom.2010.08.022}
}
@inproceedings{or-elm2,
  title={Evolutionary ordinal extreme learning machine},
  author={S{\'a}nchez-Monedero, Javier and Guti{\'e}rrez, Pedro Antonio and Herv{\'a}s-Mart{\'i}nez, Cesar},
  booktitle={International Conference on Hybrid Artificial Intelligence Systems},
  pages={500--509},
  year={2013},
  organization={Springer},
  doi={10.1007/978-3-642-40846-5\_50}
}

@inproceedings{or-svm,
  title={Support vector learning for ordinal regression},
  author={Herbrich, Ralf and Graepel, Thore and Obermayer, Klaus},
  booktitle={Proceedings of the 9th International Conference on Neural Networks (ICANN 99)},
  pages={97--102},
  year={1999},
  doi={10.1049/cp:19991091}
}
@article{or-gp,
  title={Gaussian processes for ordinal regression},
  author={Chu, Wei and Ghahramani, Zoubin},
  journal={Journal of machine learning research},
  volume={6},
  number={Jul},
  pages={1019--1041},
  year={2005}
}
@inproceedings{or-ada,
  title={Combining ordinal preferences by boosting},
  author={Lin, Hsuan-Tien and Li, Ling},
  booktitle={Proceedings ECML/PKDD 2009 Workshop on Preference Learning},
  pages={69--83},
  year={2009}
}
@inproceedings{or-knn-dt,
  title={Classification models with global constraints for ordinal data},
  author={Cardoso, Jaime S and Sousa, Ricardo},
  booktitle={2010 Ninth International Conference on Machine Learning and Applications},
  pages={71--77},
  year={2010},
  organization={IEEE},
  doi={10.1109/ICMLA.2010.18}
}

@article{aor-medical,
  title={Ordinal logistic regression in medical research},
  author={Bender, Ralf and Grouven, Ulrich},
  journal={Journal of the Royal College of physicians of London},
  volume={31},
  number={5},
  pages={546--551},
  year={1997},
  publisher={London: Pitman Medical Pub., c1966-c2000.}
}
@inproceedings{aor-age,
  title={Ordinal hyperplanes ranker with cost sensitivities for age estimation},
  author={Chang, Kuang-Yu and Chen, Chu-Song and Hung, Yi-Ping},
  booktitle={Computer vision and pattern recognition (cvpr), 2011 ieee conference on},
  pages={585--592},
  year={2011},
  organization={IEEE},
  doi={10.1109/CVPR.2011.5995437}
}
@article{aor-credit,
  title={Ordinal pairwise partitioning (OPP) approach to neural networks training in bond rating},
  author={Kwon, Young S and Han, Ingoo and Lee, Kun Chang},
  journal={Intelligent Systems in Accounting, Finance \& Management},
  volume={6},
  number={1},
  pages={23--40},
  year={1997},
  publisher={Wiley Online Library},
  doi={10.1002/(SICI)1099-1174(199703)6:1<23::AID-ISAF113>3.0.CO;2-4}
}
@article{aor-image,
  title={Comparative study among three strategies of incorporating spatial structures to ordinal image regression},
  author={Tian, Qing and Chen, Songcan and Tan, Xiaoyang},
  journal={Neurocomputing},
  volume={136},
  pages={152--161},
  year={2014},
  publisher={Elsevier},
  doi={10.1016/j.neucom.2014.01.017}
}
@article{aor-text,
  title={Feature selection for ordinal text classification},
  author={Baccianella, Stefano and Esuli, Andrea and Sebastiani, Fabrizio},
  journal={Neural computation},
  volume={26},
  number={3},
  pages={557--591},
  year={2014},
  publisher={MIT Press},
  doi={10.1162/NECO\_a\_00558}
}

@inproceedings{graded-ml,
  title={Graded multilabel classification: The ordinal case},
  author={Cheng, Weiwei and H{\"u}llermeier, Eyke and Dembczynski, Krzysztof J},
  booktitle={Proceedings of the 27th international conference on machine learning (ICML-10)},
  pages={223--230},
  year={2010}
}




% Monotonic / isotonic

@ARTICLE{monotonicity,
author={W. Kotlowski and R. Slowinski},
journal={IEEE Transactions on Knowledge and Data Engineering},
title={On Nonparametric Ordinal Classification with Monotonicity Constraints},
year={2013},
volume={25},
number={11},
pages={2576-2589},
doi={10.1109/TKDE.2012.204},
ISSN={1041-4347},}

@Article{mc-salva,
author="Guti{\'e}rrez, Pedro Antonio
and Garc{\'i}a, Salvador",
title="Current prospects on ordinal and monotonic classification",
journal="Progress in Artificial Intelligence",
year="2016",
month="Aug",
day="01",
volume="5",
number="3",
pages="171--179",
issn="2192-6360",
doi="10.1007/s13748-016-0088-y",
url="https://doi.org/10.1007/s13748-016-0088-y"
}

@inproceedings{mc-knn,
  title={Nearest neighbour classification with monotonicity constraints},
  author={Duivesteijn, Wouter and Feelders, Ad},
  booktitle={Joint European Conference on Machine Learning and Knowledge Discovery in Databases},
  pages={301--316},
  year={2008},
  organization={Springer},
  doi={10.1007/978-3-540-87479-9\_38}
}

@article{mc-trees,
  title={Classification trees for problems with monotonicity constraints},
  author={Potharst, Rob and Feelders, Adrianus Johannes},
  journal={ACM SIGKDD Explorations Newsletter},
  volume={4},
  number={1},
  pages={1--10},
  year={2002},
   doi = {10.1145/568574.568577},
  publisher={ACM}
}
@inproceedings{mc-rules,
  title={Ensemble of decision rules for ordinal classification with monotonicity constraints},
  author={Dembczy{\'n}ski, Krzysztof and Kot{\l}owski, Wojciech and S{\l}owi{\'n}ski, Roman},
  booktitle={International Conference on Rough Sets and Knowledge Technology},
  pages={260--267},
  year={2008},
  organization={Springer},
  doi={10.1007/978-3-540-79721-0\_38}
}
@article{mc-rules2,
  title={Sequential covering rule induction algorithm for variable consistency rough set approaches},
  author={B{\l}aszczy{\'n}ski, Jerzy and S{\l}owi{\'n}ski, Roman and Szelag, Marcin},
  journal={Information Sciences},
  volume={181},
  number={5},
  pages={987--1002},
  year={2011},
  publisher={Elsevier},
  doi={10.1016/j.ins.2010.10.030}
}
@inproceedings{mc-monnets,
  title={Monotonic networks},
  author={Sill, Joseph},
  booktitle={Advances in neural information processing systems},
  pages={661--667},
  year={1998}
}

@inproceedings{amc-customer,
  title={Rough set approach to customer satisfaction analysis},
  author={Greco, Salvatore and Matarazzo, Benedetto and S{\l}owi{\'n}ski, Roman},
  booktitle={International Conference on Rough Sets and Current Trends in Computing},
  pages={284--295},
  year={2006},
  organization={Springer},
  doi={10.1007/11908029\_31}
}
@incollection{amc-bank,
  title={A new rough set approach to evaluation of bankruptcy risk},
  author={Greco, Salvatore and Matarazzo, Benedetto and Slowinski, Roman},
  booktitle={Operational tools in the management of financial risks},
  pages={121--136},
  year={1998},
  publisher={Springer},
  doi={10.1007/978-1-4615-5495-0\_8}
}
@article{amc-cancer,
  title={Breast cancer prediction using the isotonic separation technique},
  author={Ryu, Young U and Chandrasekaran, Ramaswamy and Jacob, Varghese S},
  journal={European Journal of Operational Research},
  volume={181},
  number={2},
  pages={842--854},
  year={2007},
  publisher={Elsevier},
  doi={10.1016/j.ejor.2006.06.031}
}



@book{ir-book,
  title={Statistical inference under order restrictions; the theory and application of isotonic regression},
  author={Barlow, Richard E},
  year={1972},
  publisher={Wiley},
}

% Misc

@inproceedings{pu-learn,
  title={Learning classifiers from only positive and unlabeled data},
  author={Elkan, Charles and Noto, Keith},
  booktitle={Proceedings of the 14th ACM SIGKDD international conference on Knowledge discovery and data mining},
  pages={213--220},
   doi = {10.1145/1401890.1401920},
  year={2008},
  organization={ACM}
}
@inproceedings{pu-text,
  title={Building text classifiers using positive and unlabeled examples},
  author={Liu, Bing and Dai, Yang and Li, Xiaoli and Lee, Wee Sun and Yu, Philip S},
  booktitle={Data Mining, 2003. ICDM 2003. Third IEEE International Conference on},
  pages={179--186},
  year={2003},
  organization={IEEE},
  doi={10.1109/ICDM.2003.1250918}
}
@book{semi-sup,
 author = {Chapelle, Olivier and Schlkopf, Bernhard and Zien, Alexander},
 title = {Semi-Supervised Learning},
 year = {2010},
 isbn = {0262514125, 9780262514125},
 edition = {1st},
 publisher = {The MIT Press},
} 
@article{oneclass,
  title={One-class classifier networks for target recognition applications},
  author={Moya, Mary M and Koch, Mark W and Hostetler, Larry D},
  journal={NASA STI/Recon Technical Report N},
  volume={93},
  year={1993}
}
@inproceedings{zeroshot,
  title={Zero-shot learning with semantic output codes},
  author={Palatucci, Mark and Pomerleau, Dean and Hinton, Geoffrey E and Mitchell, Tom M},
  booktitle={Advances in neural information processing systems},
  pages={1410--1418},
  year={2009}
}
@inproceedings{oneshot,
  title={A Bayesian approach to unsupervised one-shot learning of object categories},
  author={Fe-Fei, Li and others},
  booktitle={Computer Vision, 2003. Proceedings. Ninth IEEE International Conference on},
  pages={1134--1141},
  year={2003},
  doi={10.1109/ICCV.2003.1238476},
  organization={IEEE}
}
@inproceedings{ltr,
  title={Learning to rank using gradient descent},
  author={Burges, Chris and Shaked, Tal and Renshaw, Erin and Lazier, Ari and Deeds, Matt and Hamilton, Nicole and Hullender, Greg},
  booktitle={Proceedings of the 22nd international conference on Machine learning},
  pages={89--96},
  year={2005},
   doi = {10.1145/1102351.1102363},
  organization={ACM}
}



























