@inproceedings{sakurada,
  title={Anomaly detection using autoencoders with nonlinear dimensionality reduction},
  author={Sakurada, Mayu and Yairi, Takehisa},
  booktitle={Proceedings of the MLSDA 2014 2nd Workshop on Machine Learning for Sensory Data Analysis},
  isbn = {978-1-4503-3159-3},
  doi = {10.1145/2689746.2689747},
  pages = {4--11},
  year={2014},
  organization={ACM}
}
@article{salakhutdinov,
  title={Semantic hashing},
  author={Salakhutdinov, Ruslan and Hinton, Geoffrey},
  journal={International Journal of Approximate Reasoning},
  volume={50},
  number={7},
  pages={969--978},
  year={2009},
  publisher={Elsevier},
  doi={10.1016/j.ijar.2008.11.006}
}
@article{charte,
  title={A practical tutorial on autoencoders for nonlinear feature fusion: Taxonomy, models, software and guidelines},
  author={Charte, David and Charte, Francisco and Garc{\'\i}a, Salvador and del Jesus, Mar{\'\i}a J and Herrera, Francisco},
  journal={Information Fusion},
  volume={44},
  pages={78--96},
  year={2018},
  publisher={Elsevier},
  doi={10.1016/j.inffus.2017.12.007}
}
@article{ruta,
  title={Ruta: implementations of neural autoencoders in R},
  author={Charte, David and Herrera, Francisco and Charte, Francisco},
  journal={Knowledge-Based Systems},
  volume={In press},
  publisher={Elsevier}
}
@article{park,
  title={Anomaly Detection for HTTP Using Convolutional Autoencoders},
  author={Park, Seungyoung and Kim, Myungjin and Lee, Seokwoo},
  journal={IEEE Access},
  volume={6},
  pages={70884--70901},
  year={2018},
  publisher={IEEE},
  doi={10.1109/ACCESS.2018.2881003}
}
@inproceedings{xie,
  title={Image denoising and inpainting with deep neural networks},
  author={Xie, Junyuan and Xu, Linli and Chen, Enhong},
  booktitle={Advances in neural information processing systems},
  pages={341--349},
  year={2012}
}
@article{hinton,
  title={Reducing the dimensionality of data with neural networks},
  author={Hinton, Geoffrey E and Salakhutdinov, Ruslan R},
  journal={science},
  volume={313},
  number={5786},
  pages={504--507},
  year={2006},
  publisher={American Association for the Advancement of Science},
  	url = {http://www.sciencemag.org/cgi/doi/10.1126/science.1127647},
	doi = {10.1126/science.1127647}
}

@misc{ucirepo,
    author = "Dheeru, Dua and Karra Taniskidou, Efi",
    year = "2017",
    title = "{UCI} Machine Learning Repository",
    url = "http://archive.ics.uci.edu/ml",
    institution = "University of California, Irvine, School of Information and Computer Sciences"
}
@inbook{dlbook-conv,
  chapter = {Convolutional Networks},
  pages = {326--366},
    title={Deep Learning},
    author={Ian Goodfellow and Yoshua Bengio and Aaron Courville},
    publisher={MIT Press},
    note={\url{http://www.deeplearningbook.org}},
    year={2016}
}
@article{ANNsPCA,
  title={Neural networks and principal component analysis: Learning from examples without local minima},
  author={Baldi, Pierre and Hornik, Kurt},
  journal={Neural networks},
  volume={2},
  number={1},
  pages={53--58},
  year={1989},
  publisher={Elsevier},
  doi={10.1016/0893-6080(89)90014-2}
}
@article{bengio,
  title={Representation learning: A review and new perspectives},
  author={Bengio, Yoshua and Courville, Aaron and Vincent, Pascal},
  journal={IEEE transactions on pattern analysis and machine intelligence},
  volume={35},
  number={8},
  pages={1798--1828},
  year={2013},
  publisher={IEEE},
	doi={10.1109/TPAMI.2013.50}
}
@article{nonstandard,
  title={A snapshot on nonstandard supervised learning problems: taxonomy, relationships, problem transformations and algorithm adaptations},
  author={Charte, David and Charte, Francisco and Garc{\'\i}a, Salvador and Herrera, Francisco},
  journal={Progress in Artificial Intelligence},
  pages={1--14},
  year={2019},
  publisher={Springer},
  doi={10.1007/s13748-018-00167-7}
}
@article{advcae,
title = "Adversarial correlated autoencoder for unsupervised multi-view representation learning",
journal = "Knowledge-Based Systems",
year = "2019",
issn = "0950-7051",
doi = "10.1016/j.knosys.2019.01.017",
author = "Xu Wang and Dezhong Peng and Peng Hu and Yongsheng Sang",
keywords = "Unsupervised multi-view representation learning, Cross-view retrieval, Adversarial autoencoders, Adversarial learning"
}
@inproceedings{maniac,
  title={A nonlinear label compression and transformation method for multi-label classification using autoencoders},
  author={Wicker, J{\"o}rg and Tyukin, Andrey and Kramer, Stefan},
  booktitle={Pacific-Asia Conference on Knowledge Discovery and Data Mining},
  pages={328--340},
  year={2016},
  doi={10.1007/978-3-319-31753-3\_27},
  organization={Springer}
}
@inproceedings{speech,
  title={Speech enhancement based on deep denoising autoencoder.},
  author={Lu, Xugang and Tsao, Yu and Matsuda, Shigeki and Hori, Chiori},
  booktitle={Interspeech},
  pages={436--440},
  year={2013}
}
@article{ecg,
  title={ECG signal enhancement based on improved denoising auto-encoder},
  author={Xiong, Peng and Wang, Hongrui and Liu, Ming and Zhou, Suiping and Hou, Zengguang and Liu, Xiuling},
  journal={Engineering Applications of Artificial Intelligence},
  volume={52},
  pages={194--202},
  year={2016},
  publisher={Elsevier},
  doi={10.1016/j.engappai.2016.02.015}
}
@ARTICLE{multimodal,
author={C. Hong and J. Yu and J. Wan and D. Tao and M. Wang},
journal={IEEE Transactions on Image Processing},
title={Multimodal Deep Autoencoder for Human Pose Recovery},
year={2015},
volume={24},
number={12},
pages={5659-5670},
doi={10.1109/TIP.2015.2487860},
ISSN={1057-7149},
month={Dec},}
@article{ssae, title={Stacked Sparse Autoencoder ({SSAE}) for Nuclei Detection on Breast Cancer Histopathology Images}, volume={35}, ISSN={1558-254X}, DOI={10.1109/tmi.2015.2458702}, number={1}, journal={IEEE Transactions on Medical Imaging}, publisher={Institute of Electrical and Electronics Engineers (IEEE)}, author={Xu, Jun and Xiang, Lei and Liu, Qingshan and Gilmore, Hannah and Wu, Jianzhong and Tang, Jinghai and Madabhushi, Anant}, year={2016}, month={Jan}, pages={119--130}}
@inproceedings{xu2017,
  title={Variational Autoencoder for Semi-Supervised Text Classification},
  author={Weidi Xu and Haoze Sun and Chao Deng and Ying Tan},
  booktitle = {AAAI Conference on Artificial Intelligence},
  year={2017}
}

@inproceedings{rsdae,
  title={Relational Stacked Denoising Autoencoder for Tag Recommendation},
  author={Wang, Hao and Shi, Xingjian and Yeung, Dit-Yan},
  booktitle={Twenty-Ninth AAAI Conference on Artificial Intelligence},
  year={2015}
}
@inproceedings{uncertain,
  title={An uncertain future: Forecasting from static images using variational autoencoders},
  author={Walker, Jacob and Doersch, Carl and Gupta, Abhinav and Hebert, Martial},
  booktitle={European Conference on Computer Vision},
  pages={835--851},
  year={2016},
  organization={Springer}
}
@inproceedings{translation,
  title={Recursive autoencoders for ITG-based translation},
  author={Li, Peng and Liu, Yang and Sun, Maosong},
  booktitle={Proceedings of the 2013 Conference on Empirical Methods in Natural Language Processing},
  pages={567--577},
  year={2013}
}
