@article{pascual2021revisiting,
  title={Revisiting data complexity metrics based on morphology for overlap and imbalance: snapshot, new overlap number of balls metrics and singular problems prospect},
  author={Pascual-Triana, Jos{\'e} Daniel and Charte, David and Arroyo, Marta Andr{\'e}s and Fern{\'a}ndez, Alberto and Herrera, Francisco},
  journal={Knowledge and Information Systems},
  pages={1--29},
  year={2021},
  publisher={Springer}
}
@article{luengo2011addressing,
  title={Addressing data complexity for imbalanced data sets: analysis of SMOTE-based oversampling and evolutionary undersampling},
  author={Luengo, Juli{\'a}n and Fern{\'a}ndez, Alberto and Garc{\'i}a, Salvador and Herrera, Francisco},
  journal={Soft Computing},
  volume={15},
  number={10},
  pages={1909--1936},
  year={2011},
  publisher={Springer}
}
@book{garcia2015data,
  title={Data preprocessing in data mining},
  author={Garc{\'i}a, Salvador and Luengo, Juli{\'a}n and Herrera, Francisco},
  volume={72},
  year={2015},
  publisher={Springer}
}
@article{suykens1999least,
  title={Least squares support vector machine classifiers},
  author={Suykens, Johan AK and Vandewalle, Joos},
  journal={Neural processing letters},
  volume={9},
  number={3},
  pages={293--300},
  year={1999},
  publisher={Springer}
}
@ARTICLE{9254002,

  author={Tabik, S. and Gómez-Ríos, A. and Martín-Rodríguez, J. L. and Sevillano-García, I. and Rey-Area, M. and Charte, D. and others},

  journal={IEEE Journal of Biomedical and Health Informatics}, 

  title={{COVIDGR} Dataset and {COVID-SDNet} Methodology for Predicting {COVID-19} Based on Chest X-Ray Images}, 

  year={2020},

  volume={24},

  number={12},

  pages={3595-3605},

  doi={10.1109/JBHI.2020.3037127}}
@misc{tensorflow2015-whitepaper,
title={ {TensorFlow}: Large-Scale Machine Learning on Heterogeneous Systems},
url={https://www.tensorflow.org/},
note={Software available from tensorflow.org},
author={
    Mart\'{i}n~Abadi and others},
  year={2015},
}

@inproceedings{he2016identity,
  title={Identity mappings in deep residual networks},
  author={He, Kaiming and Zhang, Xiangyu and Ren, Shaoqing and Sun, Jian},
  booktitle={European conference on computer vision},
  pages={630--645},
  year={2016},
  organization={Springer}
}
@article{yu2019multi,
  title={Multi-mapping image-to-image translation via learning disentanglement},
  author={Yu, Xiaoming and Chen, Yuanqi and Li, Thomas and Liu, Shan and Li, Ge},
  journal={arXiv preprint arXiv:1909.07877},
  year={2019}
}
@Inbook{Aggarwal2015,
author="Aggarwal, Charu C.",
title="Data Classification",
bookTitle="Data Mining: The Textbook",
year="2015",
publisher="Springer International Publishing",
address="Cham",
pages="285--344",
isbn="978-3-319-14142-8",
doi="10.1007/978-3-319-14142-8\_10",
}

@article{wang2008feature,
  title={Feature selection with kernel class separability},
  author={Wang, Lei},
  journal={IEEE Transactions on Pattern Analysis and Machine Intelligence},
  volume={30},
  number={9},
  pages={1534--1546},
  year={2008},
  publisher={IEEE}
}

@article{makhzani2015adversarial,
  title={Adversarial autoencoders},
  author={Makhzani, Alireza and Shlens, Jonathon and Jaitly, Navdeep and Goodfellow, Ian and Frey, Brendan},
  journal={arXiv preprint arXiv:1511.05644},
  year={2015}
}
@article{wang2020covid,
  title={Covid-net: A tailored deep convolutional neural network design for detection of {COVID-19} cases from chest x-ray images},
  author={Wang, Linda and Lin, Zhong Qiu and Wong, Alexander},
  journal={Scientific Reports},
  volume={10},
  number={1},
  pages={1--12},
  year={2020},
  publisher={Nature Publishing Group}
}
@article{afshar2020covid,
  title={Covid-caps: A capsule network-based framework for identification of {COVID-19} cases from x-ray images},
  author={Afshar, Parnian and Heidarian, Shahin and Naderkhani, Farnoosh and Oikonomou, Anastasia and Plataniotis, Konstantinos N and Mohammadi, Arash},
  journal={Pattern Recognition Letters},
  volume={138},
  pages={638--643},
  year={2020},
  publisher={Elsevier}
}
@article{liu2020self,
  title={Self-supervised learning: Generative or contrastive},
  author={Liu, Xiao and Zhang, Fanjin and Hou, Zhenyu and Wang, Zhaoyu and Mian, Li and Zhang, Jing and Tang, Jie},
  journal={arXiv preprint arXiv:2006.08218},
  volume={1},
  number={2},
  year={2020}
}
@inproceedings{aggarwal2001surprising,
  title={On the surprising behavior of distance metrics in high dimensional space},
  author={Aggarwal, Charu C and Hinneburg, Alexander and Keim, Daniel A},
  booktitle={International conference on database theory},
  pages={420--434},
  year={2001},
  organization={Springer}
}

@inproceedings{beyer1999nearest,
  title={When is “nearest neighbor” meaningful?},
  author={Beyer, Kevin and Goldstein, Jonathan and Ramakrishnan, Raghu and Shaft, Uri},
  booktitle={International conference on database theory},
  pages={217--235},
  year={1999},
  organization={Springer}
}
@article{MAGUOLO20211,
title = {A critic evaluation of methods for {COVID-19} automatic detection from X-ray images},
journal = {Information Fusion},
volume = {76},
pages = {1-7},
year = {2021},
issn = {1566-2535},
doi = {10.1016/j.inffus.2021.04.008},
author = {Gianluca Maguolo and Loris Nanni}}
@article{gong2020tool,
  title={A tool for early prediction of severe coronavirus disease 2019 ({COVID-19}): a multicenter study using the risk nomogram in {Wuhan} and {Guangdong, China}},
  author={Gong, Jiao and Ou, Jingyi and Qiu, Xueping and Jie, Yusheng and Chen, Yaqiong and Yuan, Lianxiong and others},
  journal={Clinical infectious diseases},
  volume={71},
  number={15},
  pages={833--840},
  year={2020},
  publisher={Oxford University Press US}
}
@article{knight2020risk,
  title={Risk stratification of patients admitted to hospital with {COVID-19} using the ISARIC WHO Clinical Characterisation Protocol: development and validation of the 4C Mortality Score},
  author={Knight, Stephen R and Ho, Antonia and Pius, Riinu and Buchan, Iain and Carson, Gail and Drake, Thomas M and others},
  journal={bmj},
  volume={370},
  year={2020},
  publisher={British Medical Journal Publishing Group}
}

%%%%%%%%%%%%%%%%%%%%%%%%%%%%%%%%%%%%%%%%%%%%%%%%%%%%%%%%%%%%%%%%%%%%%%%%%%%%%%
% OLD REFS

@article{sotoca2005review,
  title={A review of data complexity measures and their applicability to pattern classification problems},
  author={Sotoca, Jos{\'e} M and S{\'a}nchez, JS and Mollineda, Ram{\'o}n A},
  journal={Actas del III Taller Nacional de Mineria de Datos y Aprendizaje. TAMIDA},
  pages={77--83},
  year={2005}
}
@inproceedings{ho2000measuring,
  title={Measuring the complexity of classification problems},
  author={Ho, Tin Kam and Basu, Mitra},
  booktitle={Proceedings 15th International Conference on Pattern Recognition. ICPR-2000},
  volume={2},
  pages={43--47},
  year={2000},
  organization={IEEE}
}
@book{basu2006data,
  title={Data complexity in pattern recognition},
  author={Basu, Mitra and Ho, Tin Kam},
  year={2006},
  publisher={Springer Science \& Business Media}
}
@article{suarez2018tutorial,
  title={A tutorial on distance metric learning: Mathematical foundations, algorithms and software},
  author={Su{\'a}rez, Juan Luis and Garc{\'i}a, Salvador and Herrera, Francisco},
  journal={arXiv preprint arXiv:1812.05944},
  year={2018}
}

@article{charte-tutorial,
  title={A practical tutorial on autoencoders for nonlinear feature fusion: Taxonomy, models, software and guidelines},
  author={Charte, David and Charte, Francisco and Garc{\'i}a, Salvador and del Jesus, Mar{\'i}a J and Herrera, Francisco},
  journal={Information Fusion},
  volume={44},
  pages={78--96},
  year={2018},
  publisher={Elsevier},
  doi={10.1016/j.inffus.2017.12.007}
}
@inproceedings{bengio2012deep,
  title={Deep learning of representations for unsupervised and transfer learning},
  author={Bengio, Yoshua},
  booktitle={Proceedings of ICML workshop on unsupervised and transfer learning},
  pages={17--36},
  year={2012}
}
@inproceedings{johnson2016perceptual,
  title={Perceptual losses for real-time style transfer and super-resolution},
  author={Johnson, Justin and Alahi, Alexandre and Fei-Fei, Li},
  booktitle={European conference on computer vision},
  pages={694--711},
  year={2016},
  organization={Springer}
}

@article{robbins1951stochastic, 
  title={A stochastic approximation method},
  author={Robbins, Herbert and Monro, Sutton},
  journal={The annals of mathematical statistics},
  pages={400--407},
  year={1951},
  publisher={JSTOR},
  doi={10.1007/978-1-4612-5110-1\_9}
} %sgd

@inproceedings{adam,
  title={Adam: A method for stochastic optimization},
  author={Kingma, Diederik and Ba, Jimmy},
  booktitle={International Conference on Learning Representations},
  year={2015}
}

@article{backprop,
  title={Learning representations by back-propagating errors},
  author={Rumelhart, David E and Hinton, Geoffrey E and Williams, Ronald J},
  journal={Nature},
  volume={323},
  number={6088},
  pages={533--538},
  year={1986},
  doi={10.1038/323533a0}
}
@article{CHARTE202093,
title = "An analysis on the use of autoencoders for representation learning: Fundamentals, learning task case studies, explainability and challenges",
journal = "Neurocomputing",
volume = "404",
pages = "93 - 107",
year = "2020",
issn = "0925-2312",
doi = "10.1016/j.neucom.2020.04.057",
author = "David Charte and Francisco Charte and María J. {del Jesus} and Francisco Herrera",}

@article{ng2011sparse,
  title={Sparse autoencoder},
  author={Ng, Andrew},
  journal={CS294A Lecture notes},
  volume={72},
  number={2011},
  pages={1--19},
  year={2011}
}
@article{lorena2019complex,
  title={How complex is your classification problem? a survey on measuring classification complexity},
  author={Lorena, Ana C and Garcia, Lu{\'i}s PF and Lehmann, Jens and Souto, Marcilio CP and Ho, Tin Kam},
  journal={ACM Computing Surveys (CSUR)},
  volume={52},
  number={5},
  pages={1--34},
  year={2019},
  publisher={ACM New York, NY, USA}
}
@article{smith1968pattern,
  title={Pattern classifier design by linear programming},
  author={Smith, Fred W},
  journal={IEEE transactions on computers},
  volume={100},
  number={4},
  pages={367--372},
  year={1968},
  publisher={IEEE}
}
@article{zhang2013divergence,
title = {Divergence-based feature selection for separate classes},
journal = {Neurocomputing},
volume = {101},
pages = {32-42},
year = {2013},
issn = {0925-2312},
doi = {10.1016/j.neucom.2012.06.036},
author = {Yishi Zhang and Shujuan Li and Teng Wang and Zigang Zhang},
}
@book{quinlan,
author = {Quinlan, J. Ross},
title = {C4.5: Programs for Machine Learning},
year = {1993},
isbn = {1558602380},
publisher = {Morgan Kaufmann Publishers Inc.},
address = {San Francisco, CA, USA}
}

  


@techreport{DimRecComparative,
  title={Dimensionality reduction: a comparative review},
  author={Van Der Maaten, Laurens and Postma, Eric and Van den Herik, Jaap},
  journal={J Mach Learn Res},
  publisher={Tilburg University},
  volume={2009-005},
  year={2009}
}
@article{PCA, title={{LIII}. {On} lines and planes of closest fit to systems of points in space}, volume={2}, ISSN={1941-5990}, DOI={10.1080/14786440109462720}, number={11}, journal={Philosophical Magazine Series 6}, publisher={Informa UK Limited}, author={Pearson, Karl}, year={1901}, month={Nov}, pages={559--572}}

@incollection{PCABook,
  title={Introduction},
  author={Jolliffe, Ian T},
  booktitle={Principal component analysis},
  pages={1--7},
  year={1986},
  doi="10.1007/978-1-4757-1904-8",
  isbn="978-1-4757-1904-8",
  publisher={Springer}
}
@incollection{PCAandFA,
  title={Principal Component Analysis and Factor Analysis},
  author={Jolliffe, Ian T},
  booktitle={Principal component analysis},
  pages={115--128},
  year={1986},
  doi="10.1007/978-1-4757-1904-8",
  isbn="978-1-4757-1904-8",
  publisher={Springer}
}
@article{hinton_reducing_2006,
	title = {Reducing the Dimensionality of Data with Neural Networks},
	volume = {313},
	issn = {0036-8075, 1095-9203},
	doi = {10.1126/science.1127647},
	pages = {504--507},
	number = {5786},
	journal = {Science},
	author = {Hinton, G. E.},
	date = {2006-07-28},
	year = {2006},
	langid = {english},
}

@article{LLE,
  title={Nonlinear dimensionality reduction by locally linear embedding},
  author={Roweis, Sam T and Saul, Lawrence K},
  journal={science},
  doi={10.1126/science.290.5500.2323},
  volume={290},
  number={5500},
  pages={2323--2326},
  year={2000},
  publisher={American Association for the Advancement of Science}
}

@article{Isomap,
  title={A global geometric framework for nonlinear dimensionality reduction},
  author={Tenenbaum, Joshua B and De Silva, Vin and Langford, John C},
  journal={science},
  doi={10.1126/science.290.5500.2319},
  volume={290},
  number={5500},
  pages={2319--2323},
  year={2000},
  publisher={American Association for the Advancement of Science}
}


@article{LDA,
  title={The statistical utilization of multiple measurements},
  author={Fisher, Ronald A},
  journal={Annals of Human Genetics},
  volume={8},
  number={4},
  pages={376--386},
  year={1938},
  publisher={Wiley Online Library},
  doi={10.1111/j.1469-1809.1938.tb02189.x}
}

@inproceedings{AEs,
author = {Ballard, Dana H.},
 title = {Modular Learning in Neural Networks},
 booktitle = {Proceedings of the Sixth National Conference on Artificial Intelligence - Volume 1},
 series = {AAAI'87},
 year = {1987},
 isbn = {0-934613-42-7},
 location = {Seattle, Washington},
 pages = {279--284},
 numpages = {6},
 publisher = {AAAI Press},
}
@article{van2008visualizing,
  title={Visualizing data using t-SNE.},
  author={Van der Maaten, Laurens and Hinton, Geoffrey},
  journal={Journal of machine learning research},
  volume={9},
  number={11},
  year={2008}
}

@article{globerson2005metric,
  title={Metric learning by collapsing classes},
  author={Globerson, Amir and Roweis, Sam},
  journal={Advances in neural information processing systems},
  volume={18},
  pages={451--458},
  year={2005},
  publisher={Citeseer}
}
@ARTICLE{NCMC,
  author={T. {Mensink} and J. {Verbeek} and F. {Perronnin} and G. {Csurka}},
  journal={IEEE Transactions on Pattern Analysis and Machine Intelligence}, 
  title={Distance-Based Image Classification: Generalizing to New Classes at Near-Zero Cost}, 
  year={2013},
  volume={35},
  number={11},
  pages={2624-2637},
  doi={10.1109/TPAMI.2013.83}}
@article{goldberger2004neighbourhood,
  title={Neighbourhood components analysis},
  author={Goldberger, Jacob and Hinton, Geoffrey E and Roweis, Sam and Salakhutdinov, Russ R},
  journal={Advances in neural information processing systems},
  volume={17},
  pages={513--520},
  year={2004},
  publisher={Citeseer}
}
@article{weinberger2009distance,
  title={Distance metric learning for large margin nearest neighbor classification.},
  author={Weinberger, Kilian Q and Saul, Lawrence K},
  journal={Journal of machine learning research},
  volume={10},
  number={2},
  year={2009}
}


@book{weiss1991computer,
  title={Computer systems that learn: classification and prediction methods from statistics, neural nets, machine learning, and expert systems},
  author={Weiss, Sholom M and Kulikowski, Casimir A},
  year={1991},
  publisher={Morgan Kaufmann Publishers Inc.}
}

@article{OpenML2013,
author = {Vanschoren, Joaquin and van Rijn, Jan N. and Bischl, Bernd and Torgo, Luis},
title = {OpenML: Networked Science in Machine Learning},
journal = {SIGKDD Explorations},
volume = {15},
number = {2},
year = {2013},
pages = {49--60},
doi = {10.1145/2641190.2641198},
publisher = {ACM},
address = {New York, NY, USA},
} 
@article{triguero2017keel,
  title={KEEL 3.0: an open source software for multi-stage analysis in data mining},
  author={Triguero, Isaac and Gonz{\'a}lez, Sergio and Moyano, Jose M and Garc{\'i}a, Salvador and Alcal{\'a}-Fdez, Jes{\'u}s and Luengo, Juli{\'a}n and others},
  journal={International Journal of Computational Intelligence Systems},
  volume={10},
  number={1},
  pages={1238--1249},
  year={2017},
  publisher={Atlantis Press}
}
@misc{Dua:2019 ,
author = "Dua, Dheeru and Graff, Casey",
year = "2017",
title = "{UCI} Machine Learning Repository",
url = "http://archive.ics.uci.edu/ml",
institution = "University of California, Irvine, School of Information and Computer Sciences" }

@inproceedings{guyon2004result,
  title={Result Analysis of the NIPS 2003 Feature Selection Challenge.},
  author={Guyon, Isabelle and Gunn, Steve R and Ben-Hur, Asa and Dror, Gideon},
  booktitle={NeurIPS},
  volume={4},
  pages={545--552},
  year={2004}
}

@article{quinlan1999simplifying,
  title={Simplifying decision trees},
  author={Quinlan, J Ross},
  journal={International Journal of Human-Computer Studies},
  volume={51},
  number={2},
  pages={497--510},
  year={1999},
  publisher={Elsevier}
}
@inproceedings{Guyon:AutoML:2015,
author = {I. Guyon and K. Bennett and G. Cawley and H. J. Escalante and S. Escalera and T. Kam Ho and N. Maci\`{a} and B. Ray and M. Saeed and A. Statnikov and E.  Viegas},
title = {{AutoML} Challenge 2015: Design and first results},
booktitle =  {Proc. of AutoML 2015@ICML},
year = {2015}
}
@inproceedings{anguita2013public,
  title={A public domain dataset for human activity recognition using smartphones.},
  author={Anguita, Davide and Ghio, Alessandro and Oneto, Luca and Parra, Xavier and Reyes-Ortiz, Jorge Luis},
  booktitle={Esann},
  volume={3},
  pages={3},
  year={2013}
}
@article{boutell2004learning,
  title={Learning multi-label scene classification},
  author={Boutell, Matthew R and Luo, Jiebo and Shen, Xipeng and Brown, Christopher M},
  journal={Pattern recognition},
  volume={37},
  number={9},
  pages={1757--1771},
  year={2004},
  publisher={Elsevier}
}
@article{gorman1988analysis,
  title={Analysis of hidden units in a layered network trained to classify sonar targets},
  author={Gorman, R Paul and Sejnowski, Terrence J},
  journal={Neural networks},
  volume={1},
  number={1},
  pages={75--89},
  year={1988},
  publisher={Elsevier}
}
@article{goldstein2016comparative,
  title={A comparative evaluation of unsupervised anomaly detection algorithms for multivariate data},
  author={Goldstein, Markus and Uchida, Seiichi},
  journal={PloS one},
  volume={11},
  number={4},
  pages={e0152173},
  year={2016},
  publisher={Public Library of Science San Francisco, CA USA}
}
@article{jain2000statistical,
  title={Statistical pattern recognition: A review},
  author={Jain, Anil K and Duin, Robert P. W. and Mao, Jianchang},
  journal={IEEE Transactions on pattern analysis and machine intelligence},
  volume={22},
  number={1},
  pages={4--37},
  year={2000},
  publisher={Ieee}
}
@article{fanty1990spoken,
  title={Spoken letter recognition},
  author={Fanty, Mark and Cole, Ronald},
  journal={Advances in neural information processing systems},
  volume={3},
  pages={220--226},
  year={1990}
}
@article{sigillito1989classification,
  title={Classification of radar returns from the ionosphere using neural networks},
  author={Sigillito, Vincent G and Wing, Simon P and Hutton, Larrie V and Baker, Kile B},
  journal={Johns Hopkins APL Technical Digest},
  volume={10},
  number={3},
  pages={262--266},
  year={1989}
}
@misc { PURR1947,
	title = {220 Band AVIRIS Hyperspectral Image Data Set: June 12, 1992 Indian Pine Test Site 3},
	month = {Sep},
	url = {https://purr.purdue.edu/publications/1947/1},
	year = {2015},
	doi = {10.4231/R7RX991C},
	author = {Marion F. Baumgardner  and Larry L. Biehl  and David A. Landgrebe}
}

@article{xiong2006enhancing,
  title={Enhancing data analysis with noise removal},
  author={Xiong, Hui and Pandey, Gaurav and Steinbach, Michael and Kumar, Vipin},
  journal={IEEE Transactions on Knowledge and Data Engineering},
  volume={18},
  number={3},
  pages={304--319},
  year={2006},
  publisher={IEEE}
}
@inproceedings{aggarwal2015outlier,
  title={Outlier analysis},
  author={Aggarwal, Charu C},
  booktitle={Data mining},
  pages={237--263},
  year={2015},
  organization={Springer}
}
@article{AYESHA202044,
title = {Overview and comparative study of dimensionality reduction techniques for high dimensional data},
journal = {Information Fusion},
volume = {59},
pages = {44-58},
year = {2020},
issn = {1566-2535},
doi = {10.1016/j.inffus.2020.01.005},
author = {Shaeela Ayesha and Muhammad Kashif Hanif and Ramzan Talib},
}
@article{Dada2019MachineLF,
  title={Machine learning for email spam filtering: review, approaches and open research problems},
  author={E. Dada and J. Bassi and Haruna Chiroma and S. Abdulhamid and A. O. Adetunmbi and Opeyemi Emmanuel Ajibuwa},
  journal={Heliyon},
  year={2019},
  volume={5}
}
@inproceedings{Yang1999ARO,
  title={A re-examination of text categorization methods},
  author={Yiming Yang and Xin Liu},
  booktitle={SIGIR '99},
  year={1999}
}
@article{Russakovsky2015ImageNetLS,
  title={ImageNet Large Scale Visual Recognition Challenge},
  author={Olga Russakovsky and J. Deng and H. Su and J. Krause and S. Satheesh and S. Ma and Zhiheng Huang and A. Karpathy and A. Khosla and Michael S. Bernstein and A. Berg and Li Fei-Fei},
  journal={International Journal of Computer Vision},
  year={2015},
  volume={115},
  pages={211-252}
}
@article{deo2015machine,
  title={Machine learning in medicine},
  author={Deo, Rahul C},
  journal={Circulation},
  volume={132},
  number={20},
  pages={1920--1930},
  year={2015},
  publisher={Am Heart Assoc}
}
@incollection{weiss1995learning,
  title={Learning with rare cases and small disjuncts},
  author={Weiss, Gary M},
  booktitle={Machine Learning Proceedings 1995},
  pages={558--565},
  year={1995},
  publisher={Elsevier}
}
@article{bengio2013representation,
  title={Representation learning: A review and new perspectives},
  author={Bengio, Yoshua and Courville, Aaron and Vincent, Pascal},
  journal={IEEE transactions on pattern analysis and machine intelligence},
  volume={35},
  number={8},
  pages={1798--1828},
  year={2013},
  publisher={IEEE}
}

@article{MDS,
  title={Multidimensional scaling: I. Theory and method},
  author={Torgerson, Warren S},
  journal={Psychometrika},
  volume={17},
  number={4},
  pages={401--419},
  year={1952},
  publisher={Springer},
  doi={10.1007/BF02288916}
}

@article{charte2019ruta,
  title={Ruta: Implementations of neural autoencoders in R},
  author={Charte, David and Herrera, Francisco and Charte, Francisco},
  journal={Knowledge-Based Systems},
  volume={174},
  pages={4--8},
  year={2019},
  publisher={Elsevier}
}

  @Article{dimred,
    author = {Guido Kraemer and Markus Reichstein and Miguel Mahecha D.},
    title = {{dimRed} and {coRanking}---Unifying Dimensionality Reduction in R},
    year = {2018},
    journal = {The R Journal},
    pages = {342--358},
    volume = {10},
    number = {1},
    note = {coRanking version 0.2.3},
  }

  @Manual{cccd,
    title = {cccd: Class Cover Catch Digraphs},
    author = {David J. Marchette},
    year = {2015},
    note = {R package version 1.5},
    url = {https://CRAN.R-project.org/package=cccd},
  }
  @Manual{ggridges,
    title = {ggridges: Ridgeline Plots in 'ggplot2'},
    author = {Claus O. Wilke},
    year = {2021},
    note = {R package version 0.5.3},
    url = {https://CRAN.R-project.org/package=ggridges},
  }
  @Article{scmamp,
    title = {scmamp: Statistical Comparison of Multiple Algorithms in Multiple Problems},
    author = {Borja Calvo and Guzman Santafe},
    year = {2015},
    journal = {The R Journal},
    volume = {8},
    number = {1},
    pages = {248--256},
  }