@article{charte2017,
title = "A practical tutorial on autoencoders for nonlinear feature fusion: Taxonomy, models, software and guidelines",
journal = "Information Fusion",
volume = "44",
pages = "78 - 96",
year = "2018",
issn = "1566-2535",
doi = "10.1016/j.inffus.2017.12.007",
author = "David Charte and Francisco Charte and Salvador Garc{\'i}a and Mar{\'a} J. del Jesus and Francisco Herrera",
keywords = "Autoencoders, Feature fusion, Feature extraction, Representation learning, Deep learning, Machine learning"
}

@incollection{PCABook,
  title={Introduction},
  author={Jolliffe, Ian T},
  booktitle={Principal component analysis},
  pages={1--7},
  year={1986},
  doi="10.1007/978-1-4757-1904-8",
  isbn="978-1-4757-1904-8",
  publisher={Springer}
}

@article{MDS,
  title={Multidimensional scaling: I. Theory and method},
  author={Torgerson, Warren S},
  journal={Psychometrika},
  volume={17},
  number={4},
  pages={401--419},
  year={1952},
  publisher={Springer},
  doi={10.1007/BF02288916}
}

@article{LLE,
  title={Nonlinear dimensionality reduction by locally linear embedding},
  author={Roweis, Sam T and Saul, Lawrence K},
  journal={science},
  doi={10.1126/science.290.5500.2323},
  volume={290},
  number={5500},
  pages={2323--2326},
  year={2000},
  publisher={American Association for the Advancement of Science}
}

@article{Isomap,
  title={A global geometric framework for nonlinear dimensionality reduction},
  author={Tenenbaum, Joshua B and De Silva, Vin and Langford, John C},
  journal={science},
  doi={10.1126/science.290.5500.2319},
  volume={290},
  number={5500},
  pages={2319--2323},
  year={2000},
  publisher={American Association for the Advancement of Science}
}

@article{tSNE,
  title={Visualizing data using t-SNE},
  author={Maaten, Laurens van der and Hinton, Geoffrey},
  journal={Journal of machine learning research},
  volume={9},
  number={Nov},
  pages={2579--2605},
  year={2008}
}

@inbook{RBM,
  chapter = {Deep generative models},
  pages = {651--716},
    title={Deep Learning},
    author={Ian Goodfellow and Yoshua Bengio and Aaron Courville},
    publisher={MIT Press},
    note={\url{http://www.deeplearningbook.org}},
    year={2016}
}


@article{hinton_reducing_2006,
	title = {Reducing the Dimensionality of Data with Neural Networks},
	volume = {313},
	issn = {0036-8075, 1095-9203},
	url = {http://www.sciencemag.org/cgi/doi/10.1126/science.1127647},
	doi = {10.1126/science.1127647},
	pages = {504--507},
	number = {5786},
	journal = {Science},
	author = {Hinton, G. E.},
	urldate = {2017-08-26},
	date = {2006-07-28},
	year = {2006},
	langid = {english},
}

@misc{Keras,
  title={Keras},
  author={Chollet, Fran\c{c}ois and others},
  year={2015},
  publisher={GitHub},
  howpublished={\url{https://github.com/fchollet/keras}},
}



@inproceedings{Tensorflow,
 author = {Abadi, Mart\'{i}n and Barham, Paul and Chen, Jianmin and Chen, Zhifeng and Davis, Andy and others},
 title = {TensorFlow: A System for Large-scale Machine Learning},
 booktitle = {Proceedings of the 12th USENIX Conference on Operating Systems Design and Implementation},
 series = {OSDI'16},
 year = {2016},
 isbn = {978-1-931971-33-1},
 location = {Savannah, GA, USA},
 pages = {265--283},
 numpages = {19},
 acmid = {3026899},
 publisher = {USENIX Association},
 address = {Berkeley, CA, USA},
}

  @Manual{h2o,
    title = {h2o: R Interface for 'H2O'},
    author = {Erin LeDell and Navdeep Gill and Spencer Aiello and Anqi Fu and Arno Candel and Cliff Click and Tom Kraljevic and Tomas Nykodym and Patrick Aboyoun and Michal Kurka and Michal Malohlava},
    year = {2018},
    note = {R package version 3.20.0.2},
    url = {https://CRAN.R-project.org/package=h2o},
  }

  @Manual{Rautoencoder,
    title = {autoencoder: Sparse Autoencoder for Automatic Learning of Representative
Features from Unlabeled Data},
    author = {Eugene Dubossarsky and Yuriy Tyshetskiy},
    year = {2015},
    note = {R package version 1.1},
    url = {https://CRAN.R-project.org/package=autoencoder},
  }
